local_time_ms,server_time,price,open,high,low,prev_close,cum_volume,cum_amount,bp1,bv1,bp2,bv2,bp3,bv3,bp4,bv4,bp5,bv5,sp1,sv1,sp2,sv2,sp3,sv3,sp4,sv4,sp5,sv5,signal
1780536470941,09:27:00,48.0,48.0,48.0,48.0,49.22,153900.0,7390000.0,48.0,14800,47.99,2000,47.9,300,47.81,100,47.8,100,48.13,100,48.2,100,48.22,200,48.24,200,48.48,100,HOLD
1780536482943,09:28:00,48.0,48.0,48.0,48.0,49.22,153900.0,7390000.0,48.0,14800,47.99,2000,47.9,300,47.81,100,47.8,100,48.13,100,48.2,100,48.22,200,48.24,200,48.48,100,HOLD
1780536543120,09:29:00,48.0,48.0,48.0,48.0,49.22,153900.0,7390000.0,48.0,14800,47.99,2000,47.9,300,47.81,100,47.8,100,48.13,100,48.2,100,48.22,200,48.24,200,48.48,100,HOLD
1780536603262,09:30:00,48.0,48.0,48.5,47.8,49.22,225100.0,10810000.0,47.9,200,47.85,5000,47.8,3600,47.78,200,47.76,3100,48.0,10700,48.12,700,48.16,500,48.2,2200,48.21,700,HOLD
1780536609277,09:30:06,48.25,48.0,48.5,47.8,49.22,335500.0,16130000.0,48.37,100,48.25,1400,48.24,5000,48.23,3100,48.21,1000,48.48,1000,48.49,1100,48.5,5100,48.52,1000,48.6,14300,HOLD
1780536612280,09:30:09,48.53,48.0,48.6,47.8,49.22,365600.0,17590000.0,48.53,100,48.49,2400,48.48,500,48.47,100,48.43,200,48.6,12000,48.69,200,48.7,700,48.72,500,48.76,500,HOLD
1780536618297,09:30:15,48.91,48.0,48.91,47.8,49.22,422700.0,20370000.0,48.91,1100,48.86,3400,48.79,500,48.74,300,48.73,7700,48.95,200,48.98,13900,48.99,700,49.0,21700,49.05,200,HOLD
1780536621300,09:30:18,48.95,48.0,48.95,47.8,49.22,458700.0,22130000.0,48.96,400,48.95,200,48.94,200,48.93,300,48.92,500,48.98,100,48.99,700,49.0,21700,49.05,200,49.1,200,HOLD
1780536624309,09:30:21,48.91,48.0,48.96,47.8,49.22,487500.0,23530000.0,48.74,500,48.62,5000,48.6,100,48.59,300,48.54,500,48.91,2000,48.92,3200,48.95,200,48.96,5600,48.98,400,HOLD
1780536630329,09:30:27,48.37,48.0,48.96,47.8,49.22,511700.0,24710000.0,48.31,200,48.23,1200,48.21,1000,48.16,100,48.14,400,48.48,1200,48.6,7500,48.61,100,48.71,200,48.74,1600,HOLD
1780536633329,09:30:30,48.6,48.0,48.96,47.8,49.22,519600.0,25090000.0,48.32,300,48.31,600,48.23,1200,48.21,1000,48.16,100,48.6,4200,48.61,100,48.71,200,48.74,1700,48.76,700,HOLD
1780536636334,09:30:33,48.55,48.0,48.96,47.8,49.22,525100.0,25360000.0,48.47,200,48.38,100,48.37,300,48.33,500,48.23,1100,48.55,500,48.59,3900,48.6,4400,48.61,100,48.74,1900,HOLD
1780536639342,09:30:36,48.48,48.0,48.96,47.8,49.22,538400.0,26000000.0,48.38,200,48.25,1200,48.23,1100,48.21,1000,48.2,100,48.6,3300,48.61,100,48.62,300,48.71,100,48.73,100,HOLD
1780536645346,09:30:42,48.31,48.0,48.96,47.8,49.22,545800.0,26360000.0,48.31,1900,48.3,1500,48.29,200,48.28,400,48.25,900,48.4,300,48.47,1000,48.5,100,48.54,100,48.59,500,HOLD
1780536651365,09:30:48,48.21,48.0,48.96,47.8,49.22,559400.0,27020000.0,48.21,300,48.2,100,48.16,100,48.14,400,48.13,700,48.4,900,48.45,200,48.46,100,48.47,1300,48.48,500,HOLD
1780536654379,09:30:51,48.31,48.0,48.96,47.8,49.22,563700.0,27230000.0,48.14,100,48.08,200,48.05,1500,48.03,100,48.01,1500,48.31,2300,48.37,900,48.39,300,48.4,3500,48.45,400,HOLD
1780536657384,09:30:54,48.3,48.0,48.96,47.8,49.22,569500.0,27510000.0,48.28,400,48.23,700,48.15,100,48.14,1500,48.08,200,48.31,2300,48.37,900,48.38,400,48.39,300,48.4,6400,HOLD
1780536660385,09:30:57,48.21,48.0,48.96,47.8,49.22,575900.0,27820000.0,48.21,700,48.2,200,48.15,100,48.14,1500,48.08,1200,48.28,1500,48.3,3900,48.31,100,48.36,400,48.39,300,HOLD
1780536666405,09:31:03,48.14,48.0,48.96,47.8,49.22,594700.0,28720000.0,48.14,300,48.09,300,48.05,100,48.03,800,48.01,1600,48.21,14300,48.27,900,48.28,18000,48.3,5000,48.31,800,HOLD
1780536669398,09:31:06,48.13,48.0,48.96,47.8,49.22,607400.0,29330000.0,48.09,600,48.08,12800,48.05,500,48.04,4900,48.01,1300,48.13,1500,48.14,800,48.17,100,48.2,2000,48.21,14600,HOLD
1780536672402,09:31:09,48.2,48.0,48.96,47.8,49.22,618400.0,29860000.0,48.2,5500,48.17,1600,48.16,500,48.15,500,48.14,13100,48.21,14000,48.22,600,48.27,900,48.28,17900,48.3,4200,HOLD
1780536675416,09:31:12,48.14,48.0,48.96,47.8,49.22,642400.0,31020000.0,48.14,2200,48.13,200,48.1,300,48.09,500,48.08,10900,48.18,300,48.19,100,48.2,1400,48.21,12200,48.22,600,HOLD
1780536678428,09:31:15,48.02,48.0,48.96,47.8,49.22,673100.0,32490000.0,48.02,800,48.01,100,48.0,19200,47.95,600,47.94,100,48.1,1000,48.11,200,48.14,200,48.17,2300,48.18,800,HOLD
1780536681439,09:31:18,48.36,48.0,48.96,47.8,49.22,760000.0,36690000.0,48.36,32500,48.31,19000,48.3,600,48.29,100,48.28,8800,48.59,100,48.6,2400,48.61,500,48.7,100,48.71,100,HOLD
1780536684439,09:31:21,48.61,48.0,48.96,47.8,49.22,769400.0,37150000.0,48.6,1000,48.37,900,48.36,28900,48.31,19000,48.3,600,48.69,6100,48.7,100,48.71,100,48.78,1100,48.8,200,HOLD
1780536687456,09:31:24,48.62,48.0,48.96,47.8,49.22,784600.0,37890000.0,48.38,4300,48.37,600,48.36,28900,48.31,19000,48.28,2500,48.68,300,48.69,200,48.7,100,48.71,100,48.78,1100,HOLD
1780536690477,09:31:27,48.69,48.0,48.96,47.8,49.22,806700.0,38960000.0,48.69,100,48.63,600,48.6,200,48.59,800,48.39,2200,48.8,1300,48.85,7000,48.86,1900,48.88,300,48.9,4300,HOLD
1780536693474,09:31:30,48.7,48.0,48.96,47.8,49.22,816300.0,39430000.0,48.69,100,48.62,100,48.59,1000,48.4,7200,48.39,2200,48.78,8400,48.79,3300,48.8,600,48.85,3800,48.86,1700,HOLD
1780536699491,09:31:36,48.69,48.0,48.96,47.8,49.22,857800.0,41440000.0,48.46,2400,48.45,200,48.42,300,48.41,20900,48.39,25300,48.69,3200,48.7,2900,48.77,1600,48.78,400,48.79,100,HOLD
1780536702503,09:31:39,48.41,48.0,48.96,47.8,49.22,916600.0,44290000.0,48.37,400,48.36,500,48.3,800,48.22,600,48.21,1000,48.41,800,48.44,1500,48.45,2400,48.46,200,48.6,100,HOLD
1780536705509,09:31:42,48.21,48.0,48.96,47.8,49.22,924300.0,44660000.0,48.21,600,48.18,2300,48.16,5000,48.14,200,48.13,1100,48.39,15400,48.41,1700,48.44,1500,48.45,2400,48.46,200,HOLD
1780536708513,09:31:45,48.21,48.0,48.96,47.8,49.22,927900.0,44830000.0,48.21,2100,48.18,2300,48.16,5000,48.14,200,48.13,1100,48.26,100,48.27,100,48.28,700,48.37,1500,48.38,3400,HOLD
1780536711527,09:31:48,48.37,48.0,48.96,47.8,49.22,936100.0,45230000.0,48.22,200,48.21,1700,48.18,2200,48.16,5000,48.13,1100,48.37,13600,48.38,3400,48.39,23000,48.41,1200,48.46,800,HOLD
1780536714544,09:31:51,48.21,48.0,48.96,47.8,49.22,954100.0,46100000.0,48.13,800,48.1,10400,48.09,2400,48.07,1000,48.06,200,48.21,69600,48.22,3300,48.23,29100,48.24,8700,48.25,3900,HOLD
1780536717556,09:31:54,48.21,48.0,48.96,47.8,49.22,960100.0,46390000.0,48.2,100,48.11,300,48.1,10400,48.09,2400,48.07,1000,48.21,68700,48.22,3300,48.23,29100,48.24,8700,48.25,3900,HOLD
1780536720559,09:31:57,48.21,48.0,48.96,47.8,49.22,968200.0,46780000.0,48.13,300,48.1,10000,48.09,2400,48.07,1000,48.06,700,48.21,74900,48.22,3500,48.23,29100,48.25,3900,48.31,11300,HOLD
1780536723568,09:32:00,48.13,48.0,48.96,47.8,49.22,991300.0,47890000.0,48.13,7300,48.1,8700,48.09,2400,48.07,1000,48.06,700,48.19,500,48.21,66400,48.22,3500,48.23,29100,48.25,3900,HOLD
1780536726579,09:32:03,48.14,48.0,48.96,47.8,49.22,995600.0,48100000.0,48.14,2000,48.13,7300,48.1,8800,48.09,2400,48.07,1000,48.18,36300,48.19,600,48.2,100,48.21,66400,48.22,3600,HOLD
1780536729582,09:32:06,48.15,48.0,48.96,47.8,49.22,1015900.0,49070000.0,48.13,300,48.1,5000,48.09,2400,48.07,1000,48.06,700,48.15,100,48.16,4700,48.17,9600,48.18,37600,48.19,500,HOLD
1780536732591,09:32:09,48.12,48.0,48.96,47.8,49.22,1032900.0,49890000.0,48.1,400,48.09,2400,48.07,1000,48.06,700,48.05,300,48.12,500,48.13,6000,48.14,15400,48.15,1800,48.16,5600,HOLD
1780536735602,09:32:12,48.13,48.0,48.96,47.8,49.22,1050600.0,50740000.0,48.13,1300,48.12,300,48.1,300,48.07,800,48.06,700,48.14,16900,48.15,5000,48.16,3100,48.17,1800,48.18,300,HOLD
1780536738611,09:32:15,48.18,48.0,48.96,47.8,49.22,1170100.0,56500000.0,48.18,200,48.17,3400,48.16,2000,48.15,1900,48.14,17400,48.28,15100,48.39,22100,48.4,300,48.41,1000,48.46,700,HOLD
1780536744637,09:32:21,48.26,48.0,48.96,47.8,49.22,1193400.0,57630000.0,48.26,1900,48.19,900,48.18,3900,48.14,4100,48.13,300,48.27,600,48.28,1000,48.36,3000,48.38,14400,48.39,22100,HOLD
1780536747652,09:32:24,48.27,48.0,48.96,47.8,49.22,1202400.0,58060000.0,48.18,3300,48.14,4000,48.13,9300,48.12,3400,48.11,400,48.36,3000,48.38,14400,48.39,22100,48.4,300,48.41,1000,HOLD
1780536750653,09:32:27,48.21,48.0,48.96,47.8,49.22,1209100.0,58380000.0,48.19,400,48.18,3700,48.14,4300,48.13,9900,48.12,3200,48.21,1800,48.24,5000,48.26,1000,48.27,400,48.28,100,HOLD
1780536753666,09:32:30,48.18,48.0,48.96,47.8,49.22,1232100.0,59490000.0,48.12,3000,48.1,2600,48.08,1000,48.07,1000,48.06,700,48.18,300,48.19,1100,48.21,2100,48.24,5000,48.26,1700,HOLD
1780536756683,09:32:33,48.18,48.0,48.96,47.8,49.22,1244100.0,60070000.0,48.05,400,48.03,100,48.02,1500,48.01,2300,48.0,50200,48.18,200,48.19,4800,48.21,800,48.24,5000,48.26,700,HOLD
1780536759688,09:32:36,48.18,48.0,48.96,47.8,49.22,1284900.0,62030000.0,48.13,400,48.12,100,48.1,200,48.06,600,48.05,500,48.18,1200,48.19,4600,48.21,800,48.24,5000,48.26,3400,HOLD
1780536762702,09:32:39,48.18,48.0,48.96,47.8,49.22,1293800.0,62460000.0,48.05,300,48.04,16400,48.02,300,48.01,2300,48.0,45300,48.13,100,48.19,3000,48.21,800,48.24,5000,48.26,3400,HOLD
1780536765705,09:32:42,48.13,48.0,48.96,47.8,49.22,1362500.0,65760000.0,47.96,500,47.95,600,47.93,100,47.91,400,47.9,2000,48.13,1100,48.18,200,48.19,3000,48.21,800,48.24,5000,HOLD
1780536768735,09:32:45,48.13,48.0,48.96,47.8,49.22,1374200.0,66320000.0,48.06,500,48.0,3400,47.97,1000,47.96,200,47.86,100,48.13,1700,48.18,600,48.19,3200,48.21,500,48.24,5000,HOLD
1780536771727,09:32:48,47.98,48.0,48.96,47.8,49.22,1389200.0,67040000.0,47.88,200,47.87,600,47.86,4000,47.85,1800,47.81,300,48.13,5000,48.18,700,48.19,800,48.21,500,48.23,500,HOLD
1780536774731,09:32:51,47.87,48.0,48.96,47.8,49.22,1402900.0,67690000.0,47.85,1800,47.81,300,47.8,6900,47.78,200,47.76,100,47.94,7600,47.96,2100,48.0,3400,48.06,800,48.12,400,HOLD
1780536777741,09:32:54,47.88,48.0,48.96,47.66,49.22,1426700.0,68830000.0,47.67,200,47.66,500,47.6,1400,47.58,100,47.57,200,47.88,3000,47.94,5200,47.96,2700,48.0,3400,48.06,2800,HOLD
1780536780747,09:32:57,47.83,48.0,48.96,47.5,49.22,1453600.0,70120000.0,47.73,200,47.72,500,47.71,100,47.7,200,47.66,1200,47.96,2100,48.0,1200,48.06,2800,48.12,400,48.13,200,HOLD
1780536786771,09:33:03,47.98,48.0,48.96,47.5,49.22,1470100.0,70910000.0,47.98,2700,47.96,900,47.93,1200,47.92,2100,47.9,1500,48.0,400,48.06,3000,48.12,400,48.13,200,48.18,300,HOLD
1780536789770,09:33:06,48.12,48.0,48.96,47.5,49.22,1484700.0,71610000.0,48.04,100,48.02,1000,48.01,600,47.96,2000,47.93,600,48.12,1600,48.13,200,48.18,300,48.26,300,48.3,1000,HOLD
1780536792781,09:33:09,48.04,48.0,48.96,47.5,49.22,1494900.0,72100000.0,48.0,1200,47.97,200,47.96,3600,47.92,100,47.91,200,48.04,100,48.09,1300,48.12,2300,48.13,200,48.18,300,HOLD
1780536795786,09:33:12,48.0,48.0,48.96,47.5,49.22,1506100.0,72640000.0,47.98,2300,47.96,4500,47.92,100,47.91,200,47.9,1000,48.0,300,48.01,200,48.04,1700,48.09,1200,48.12,2700,HOLD
1780536798791,09:33:15,47.8,48.0,48.96,47.5,49.22,1519300.0,73270000.0,47.8,1600,47.75,300,47.73,10600,47.7,300,47.67,1200,47.95,3000,47.96,3500,47.97,800,47.98,10800,47.99,500,HOLD
1780536801807,09:33:18,47.8,48.0,48.96,47.5,49.22,1550700.0,74770000.0,47.73,2000,47.7,300,47.67,1200,47.6,400,47.58,200,47.8,14500,47.95,3800,47.96,3500,47.97,800,47.98,6800,HOLD
1780536804816,09:33:21,47.8,48.0,48.96,47.5,49.22,1558900.0,75160000.0,47.73,300,47.7,300,47.67,1200,47.6,400,47.58,200,47.8,12600,47.81,100,47.95,4500,47.96,3500,47.97,500,HOLD
1780536807817,09:33:24,47.8,48.0,48.96,47.5,49.22,1567400.0,75570000.0,47.73,400,47.7,500,47.67,200,47.6,500,47.58,600,47.79,100,47.8,11300,47.81,100,47.84,4000,47.87,1600,HOLD
1780536810825,09:33:27,47.73,48.0,48.96,47.5,49.22,1577400.0,76050000.0,47.72,500,47.7,700,47.61,1300,47.6,500,47.58,600,47.73,10300,47.79,2700,47.8,17900,47.81,100,47.83,7200,HOLD
1780536813837,09:33:30,47.79,48.0,48.96,47.5,49.22,1595100.0,76890000.0,47.73,1200,47.72,500,47.7,900,47.68,100,47.61,1300,47.8,30600,47.81,100,47.83,7200,47.95,1900,47.96,3500,HOLD
1780536816846,09:33:33,47.72,48.0,48.96,47.5,49.22,1604700.0,77350000.0,47.7,2500,47.62,100,47.61,100,47.6,2600,47.58,600,47.72,500,47.73,4300,47.75,200,47.77,2500,47.79,3700,HOLD
1780536819847,09:33:36,47.72,48.0,48.96,47.5,49.22,1610500.0,77620000.0,47.72,900,47.7,2200,47.61,100,47.6,6600,47.58,600,47.75,200,47.79,300,47.8,31500,47.81,100,47.83,2300,HOLD
1780536822851,09:33:39,47.7,48.0,48.96,47.5,49.22,1621100.0,78130000.0,47.6,2800,47.58,700,47.57,19200,47.51,300,47.5,27000,47.7,1100,47.72,1200,47.73,500,47.75,100,47.79,300,HOLD
1780536825858,09:33:42,47.65,48.0,48.96,47.5,49.22,1635500.0,78820000.0,47.57,17300,47.51,300,47.5,27300,47.48,800,47.45,500,47.68,400,47.69,300,47.7,27200,47.72,5800,47.79,300,HOLD
1780536828867,09:33:45,47.58,48.0,48.96,47.5,49.22,1639100.0,78990000.0,47.58,600,47.57,15600,47.51,500,47.5,29400,47.48,800,47.6,500,47.68,500,47.69,300,47.7,27200,47.72,5400,HOLD
1780536831883,09:33:48,47.57,48.0,48.96,47.5,49.22,1649600.0,79490000.0,47.57,13000,47.51,500,47.5,30300,47.48,800,47.45,500,47.58,2900,47.59,600,47.6,3100,47.61,1300,47.68,300,HOLD
1780536834890,09:33:51,47.57,48.0,48.96,47.5,49.22,1668200.0,80370000.0,47.51,1300,47.5,31100,47.48,800,47.45,500,47.44,4300,47.57,700,47.58,20600,47.59,600,47.6,1700,47.61,1500,HOLD
1780536837904,09:33:54,47.57,48.0,48.96,47.5,49.22,1677500.0,80810000.0,47.5,31900,47.48,800,47.45,500,47.44,4300,47.43,1000,47.57,800,47.58,18000,47.59,600,47.6,1200,47.61,1500,HOLD
1780536840916,09:33:57,47.48,48.0,48.96,47.48,49.22,1717000.0,82690000.0,47.45,500,47.44,4300,47.43,1000,47.4,900,47.39,900,47.48,2500,47.49,12400,47.5,39200,47.53,1900,47.54,2100,HOLD
1780536843931,09:34:00,47.45,48.0,48.96,47.45,49.22,1726500.0,83140000.0,47.45,200,47.44,4300,47.43,1000,47.4,1900,47.39,900,47.48,200,47.49,9400,47.5,40300,47.51,2000,47.53,3700,HOLD
1780536846941,09:34:03,47.45,48.0,48.96,47.45,49.22,1729700.0,83290000.0,47.45,600,47.44,4500,47.43,1000,47.4,2800,47.39,900,47.49,8900,47.5,40600,47.51,2700,47.53,3700,47.54,6300,HOLD
1780536849943,09:34:06,47.46,48.0,48.96,47.44,49.22,1739000.0,83730000.0,47.45,3600,47.44,4300,47.43,1000,47.4,2800,47.39,900,47.48,6500,47.49,12600,47.5,44100,47.51,2700,47.57,13100,HOLD
1780536852959,09:34:09,47.48,48.0,48.96,47.44,49.22,1776100.0,85500000.0,47.48,2100,47.46,3600,47.45,3100,47.44,4300,47.43,1000,47.5,36700,47.51,2700,47.57,13100,47.58,9500,47.6,500,HOLD
1780536856010,09:34:12,47.57,48.0,48.96,47.44,49.22,1835300.0,88310000.0,47.51,700,47.5,5500,47.49,5600,47.48,2300,47.47,800,47.57,10000,47.58,9000,47.6,500,47.66,1800,47.68,100,HOLD
1780536859014,09:34:15,47.52,48.0,48.96,47.44,49.22,1843000.0,88680000.0,47.51,600,47.5,6100,47.49,5600,47.48,3700,47.47,800,47.57,6200,47.58,9000,47.6,500,47.66,1800,47.68,100,HOLD
1780536862019,09:34:18,47.66,48.0,48.96,47.44,49.22,1858800.0,89430000.0,47.57,4400,47.51,1500,47.5,2000,47.49,5600,47.48,3700,47.66,1400,47.68,100,47.7,3900,47.72,300,47.8,9800,HOLD
1780536865032,09:34:21,47.66,48.0,48.96,47.44,49.22,1876500.0,90270000.0,47.66,3700,47.62,13500,47.57,200,47.55,1000,47.52,2900,47.7,4100,47.72,300,47.8,12700,47.81,100,47.82,300,HOLD
1780536868041,09:34:24,47.66,48.0,48.96,47.44,49.22,1883100.0,90580000.0,47.66,300,47.6,1100,47.57,2300,47.55,1000,47.52,5400,47.7,3300,47.72,300,47.8,12700,47.81,100,47.82,300,HOLD
1780536871047,09:34:27,47.66,48.0,48.96,47.44,49.22,1890100.0,90920000.0,47.57,1400,47.55,1100,47.52,5400,47.51,4400,47.5,2100,47.66,1300,47.7,3500,47.72,800,47.8,12700,47.81,100,HOLD
1780536874057,09:34:30,47.66,48.0,48.96,47.44,49.22,1896900.0,91240000.0,47.56,100,47.55,1100,47.52,5400,47.51,4400,47.5,2400,47.66,200,47.7,3500,47.72,400,47.73,1300,47.8,9800,HOLD
1780536877074,09:34:33,47.6,48.0,48.96,47.44,49.22,1909500.0,91840000.0,47.6,500,47.55,1000,47.52,3900,47.51,4400,47.5,2700,47.67,500,47.68,100,47.7,2200,47.72,300,47.73,1300,HOLD
1780536880087,09:34:36,47.57,48.0,48.96,47.44,49.22,1914500.0,92080000.0,47.56,1300,47.55,2400,47.52,4200,47.51,4400,47.5,3000,47.59,100,47.6,500,47.67,700,47.68,100,47.7,2200,HOLD
1780536883089,09:34:39,47.56,48.0,48.96,47.44,49.22,1919500.0,92320000.0,47.55,2000,47.52,4200,47.51,4400,47.5,2900,47.49,5500,47.56,100,47.57,2600,47.59,1500,47.6,100,47.66,300,HOLD
1780536886102,09:34:42,47.59,48.0,48.96,47.44,49.22,1925300.0,92590000.0,47.56,4300,47.55,12400,47.52,4200,47.51,4400,47.5,3700,47.59,300,47.6,100,47.66,300,47.67,300,47.7,1800,HOLD
1780536889114,09:34:45,47.66,48.0,48.96,47.44,49.22,1929200.0,92780000.0,47.66,3300,47.6,400,47.59,800,47.57,9300,47.56,7000,47.67,300,47.7,1700,47.72,300,47.8,9800,47.81,100,HOLD
1780536892130,09:34:48,47.64,48.0,48.96,47.44,49.22,1939500.0,93270000.0,47.57,4600,47.56,6800,47.55,12900,47.52,4200,47.51,4400,47.7,1700,47.72,300,47.8,15000,47.81,100,47.95,200,HOLD
1780536895146,09:34:51,47.64,48.0,48.96,47.44,49.22,1946000.0,93580000.0,47.59,200,47.57,1200,47.56,7200,47.55,12900,47.52,4200,47.66,100,47.7,1000,47.72,300,47.8,15000,47.81,100,HOLD
1780536898159,09:34:54,47.57,48.0,48.96,47.44,49.22,1967300.0,94590000.0,47.56,1400,47.55,12900,47.52,4200,47.51,1100,47.5,6400,47.57,31700,47.59,500,47.63,500,47.64,500,47.66,200,HOLD
1780536901165,09:34:57,47.59,48.0,48.96,47.44,49.22,2007500.0,96500000.0,47.59,200,47.57,600,47.55,13400,47.53,300,47.52,4200,47.6,5300,47.63,500,47.64,500,47.66,300,47.7,900,HOLD
1780536904180,09:35:00,47.66,48.0,48.96,47.44,49.22,2018100.0,97010000.0,47.59,1300,47.58,30000,47.57,3000,47.56,500,47.55,13600,47.69,1300,47.7,900,47.72,300,47.8,9900,47.81,100,HOLD
1780536907196,09:35:03,47.7,48.0,48.96,47.44,49.22,2118200.0,101770000.0,47.7,400,47.69,600,47.64,1000,47.6,400,47.59,600,47.72,400,47.8,9900,47.81,100,47.95,200,47.96,100,HOLD
1780536910201,09:35:06,47.71,48.0,48.96,47.44,49.22,2136200.0,102630000.0,47.71,700,47.7,200,47.69,3700,47.64,1000,47.61,100,47.8,9200,47.81,100,47.9,2200,47.95,200,47.98,1300,HOLD
1780536913209,09:35:09,47.73,48.0,48.96,47.44,49.22,2147600.0,103180000.0,47.72,6800,47.71,500,47.7,200,47.69,11800,47.6,9400,47.8,5200,47.81,100,47.9,2500,47.95,200,47.98,1300,HOLD
1780536916209,09:35:12,47.81,48.0,48.96,47.44,49.22,2153300.0,103450000.0,47.81,400,47.8,1200,47.77,600,47.76,100,47.75,300,47.9,2900,47.95,200,47.98,1300,48.0,700,48.03,100,HOLD
1780536919232,09:35:15,47.9,48.0,48.96,47.44,49.22,2155600.0,103560000.0,47.81,100,47.8,10400,47.75,500,47.73,500,47.72,6200,47.9,2900,47.95,200,47.98,1300,48.0,700,48.03,100,HOLD
1780536922238,09:35:18,47.9,48.0,48.96,47.44,49.22,2158100.0,103680000.0,47.82,1100,47.81,300,47.8,4000,47.75,500,47.73,500,47.9,1000,47.95,200,47.98,1300,48.0,1600,48.03,100,HOLD
1780536925241,09:35:21,47.9,48.0,48.96,47.44,49.22,2165300.0,104020000.0,47.9,2000,47.83,600,47.82,100,47.81,1600,47.8,3900,47.98,1000,48.0,1600,48.03,100,48.11,600,48.12,100,HOLD
1780536928242,09:35:24,47.9,48.0,48.96,47.44,49.22,2168300.0,104170000.0,47.9,9700,47.82,100,47.81,1600,47.8,3800,47.75,800,47.98,400,48.0,1600,48.03,100,48.11,600,48.12,100,HOLD
1780536931260,09:35:27,47.92,48.0,48.96,47.44,49.22,2170700.0,104280000.0,47.92,1100,47.91,200,47.9,10300,47.82,200,47.81,200,47.98,100,48.0,300,48.03,300,48.08,600,48.11,600,HOLD
1780536934261,09:35:30,47.91,48.0,48.96,47.44,49.22,2173700.0,104430000.0,47.9,10600,47.82,200,47.81,400,47.8,5600,47.75,800,47.98,500,47.99,800,48.0,300,48.03,500,48.08,600,HOLD
1780536937272,09:35:33,47.9,48.0,48.96,47.44,49.22,2185000.0,104970000.0,47.82,700,47.81,400,47.8,5600,47.75,800,47.74,100,47.9,1100,47.92,100,47.95,200,47.97,400,47.98,700,HOLD
1780536940283,09:35:36,47.8,48.0,48.96,47.44,49.22,2196400.0,105510000.0,47.8,5000,47.75,800,47.74,100,47.73,700,47.72,16200,47.82,4500,47.9,6000,47.92,2400,47.95,300,47.96,4000,HOLD
1780536943298,09:35:39,47.81,48.0,48.96,47.44,49.22,2203800.0,105870000.0,47.81,200,47.8,4000,47.76,200,47.75,800,47.74,100,47.82,1800,47.87,2700,47.88,4000,47.9,6200,47.92,2400,HOLD
1780536946304,09:35:42,47.8,48.0,48.96,47.44,49.22,2205900.0,105970000.0,47.8,2900,47.79,300,47.76,200,47.75,800,47.74,100,47.81,200,47.82,1400,47.87,2700,47.88,4000,47.9,1000,HOLD
1780536949314,09:35:45,47.8,48.0,48.96,47.44,49.22,2212400.0,106280000.0,47.72,14500,47.7,1700,47.69,8200,47.66,1500,47.6,4800,47.8,4200,47.81,1200,47.82,2100,47.87,2700,47.88,4000,HOLD
1780536952318,09:35:48,47.81,48.0,48.96,47.44,49.22,2225200.0,106890000.0,47.8,3300,47.73,1200,47.72,13100,47.7,1700,47.69,8200,47.81,600,47.82,2100,47.83,1900,47.9,1300,47.92,600,HOLD
1780536955320,09:35:51,47.8,48.0,48.96,47.44,49.22,2232000.0,107210000.0,47.78,700,47.77,100,47.76,300,47.75,500,47.74,1100,47.81,300,47.82,900,47.83,1900,47.9,1300,47.92,600,HOLD
1780536958328,09:35:54,47.8,48.0,48.96,47.44,49.22,2236400.0,107420000.0,47.8,3900,47.78,2100,47.74,1100,47.73,900,47.72,13100,47.83,1700,47.9,1300,47.92,600,47.95,300,48.0,100,HOLD
1780536961337,09:35:57,47.83,48.0,48.96,47.44,49.22,2239800.0,107590000.0,47.81,200,47.8,3500,47.78,2200,47.74,1100,47.73,900,47.83,400,47.9,1300,47.92,600,47.95,300,48.0,100,HOLD
1780536964340,09:36:00,47.81,48.0,48.96,47.44,49.22,2247400.0,107950000.0,47.8,1900,47.78,2200,47.75,200,47.74,1100,47.73,2900,47.81,2800,47.83,200,47.9,1300,47.92,600,47.95,300,HOLD
1780536967349,09:36:03,47.74,48.0,48.96,47.44,49.22,2269700.0,109020000.0,47.73,3100,47.72,14100,47.7,2200,47.69,8200,47.66,1500,47.74,5500,47.76,5400,47.78,2400,47.79,3700,47.8,1300,HOLD
1780536970351,09:36:06,47.7,48.0,48.96,47.44,49.22,2294800.0,110210000.0,47.69,8200,47.66,1500,47.6,4900,47.59,1000,47.58,37100,47.71,100,47.73,3700,47.74,8500,47.76,5400,47.78,2400,HOLD
1780536973356,09:36:09,47.69,48.0,48.96,47.44,49.22,2299700.0,110450000.0,47.69,6600,47.66,1500,47.6,4900,47.59,1000,47.58,37100,47.71,100,47.73,3300,47.74,8500,47.76,5400,47.78,2400,HOLD
1780536976357,09:36:12,47.73,48.0,48.96,47.44,49.22,2303100.0,110610000.0,47.69,6300,47.66,1500,47.6,4900,47.58,37100,47.57,10900,47.73,1800,47.74,8500,47.76,5400,47.78,2400,47.79,3700,HOLD
1780536979364,09:36:15,47.69,48.0,48.96,47.44,49.22,2308700.0,110880000.0,47.7,800,47.69,3700,47.66,1500,47.6,5000,47.58,37100,47.73,1600,47.74,8500,47.76,5400,47.78,2400,47.79,3700,HOLD
1780536982379,09:36:18,47.7,48.0,48.96,47.44,49.22,2311900.0,111030000.0,47.69,5700,47.66,1500,47.6,5000,47.59,100,47.58,37000,47.7,2100,47.72,100,47.73,900,47.74,8400,47.76,5400,HOLD
1780536985395,09:36:21,47.7,48.0,48.96,47.44,49.22,2320300.0,111430000.0,47.69,700,47.66,1600,47.6,5000,47.59,100,47.58,37000,47.7,1000,47.72,5000,47.73,900,47.74,8400,47.77,100,HOLD
1780536988410,09:36:24,47.58,48.0,48.96,47.44,49.22,2353400.0,113010000.0,47.65,2000,47.58,20800,47.57,10900,47.56,3700,47.55,13800,47.69,200,47.7,100,47.72,200,47.73,5300,47.74,8400,HOLD
1780536991419,09:36:27,47.69,48.0,48.96,47.44,49.22,2364500.0,113530000.0,47.61,100,47.6,200,47.58,13300,47.57,10900,47.56,3700,47.69,2200,47.72,200,47.73,5300,47.74,8400,47.77,100,HOLD
1780536994435,09:36:30,47.69,48.0,48.96,47.44,49.22,2369100.0,113750000.0,47.63,100,47.62,4700,47.61,1100,47.6,5000,47.59,2100,47.69,500,47.72,100,47.73,5300,47.74,8400,47.77,100,HOLD
1780536997449,09:36:33,47.69,48.0,48.96,47.44,49.22,2379300.0,114240000.0,47.69,600,47.66,500,47.65,300,47.63,200,47.62,4400,47.73,3100,47.74,8400,47.77,100,47.78,2400,47.79,8100,HOLD
1780537000464,09:36:36,47.69,48.0,48.96,47.44,49.22,2390400.0,114770000.0,47.68,400,47.67,100,47.66,200,47.63,2300,47.61,1100,47.69,700,47.7,1400,47.71,3100,47.72,2900,47.73,3100,HOLD
1780537003473,09:36:39,47.64,48.0,48.96,47.44,49.22,2395800.0,115030000.0,47.64,400,47.61,1000,47.6,10900,47.58,21700,47.57,10900,47.68,900,47.69,100,47.71,2600,47.72,2900,47.73,3100,HOLD
1780537006486,09:36:42,47.65,48.0,48.96,47.44,49.22,2401800.0,115310000.0,47.66,100,47.65,800,47.64,800,47.61,700,47.6,11000,47.7,500,47.73,3100,47.74,8400,47.76,2800,47.77,100,HOLD
1780537009494,09:36:45,47.66,48.0,48.96,47.44,49.22,2408400.0,115630000.0,47.64,8400,47.62,900,47.61,4700,47.6,12000,47.58,21900,47.65,200,47.66,2700,47.67,2700,47.68,1100,47.69,600,HOLD
1780537012508,09:36:48,47.65,48.0,48.96,47.44,49.22,2415000.0,115940000.0,47.65,500,47.64,5500,47.62,900,47.61,5600,47.6,12000,47.66,3400,47.67,2700,47.68,1100,47.69,600,47.7,200,HOLD
1780537015511,09:36:51,47.65,48.0,48.96,47.44,49.22,2419700.0,116170000.0,47.64,6200,47.62,900,47.61,5500,47.6,12100,47.58,21900,47.65,1900,47.66,1500,47.67,200,47.69,700,47.7,200,HOLD
1780537018513,09:36:54,47.65,48.0,48.96,47.44,49.22,2431800.0,116740000.0,47.62,600,47.61,5800,47.6,12300,47.58,21900,47.57,11000,47.65,1300,47.66,1500,47.67,200,47.69,700,47.7,200,HOLD
1780537021520,09:36:57,47.64,48.0,48.96,47.44,49.22,2434600.0,116880000.0,47.63,100,47.62,200,47.61,5800,47.6,12400,47.58,21900,47.65,500,47.66,1500,47.67,400,47.69,3100,47.7,200,HOLD
1780537024527,09:37:00,47.61,48.0,48.96,47.44,49.22,2438900.0,117080000.0,47.61,3100,47.6,13600,47.58,24900,47.57,11000,47.56,3200,47.63,1600,47.64,100,47.65,1300,47.66,1200,47.67,400,HOLD
1780537027565,09:37:03,47.58,48.0,48.96,47.44,49.22,2461900.0,118170000.0,47.58,24000,47.57,11100,47.56,3200,47.55,18100,47.53,200,47.62,6000,47.63,3600,47.64,200,47.65,1300,47.66,1200,HOLD
1780537030546,09:37:06,47.58,48.0,48.96,47.44,49.22,2503600.0,120160000.0,47.56,1800,47.55,18100,47.53,200,47.52,3400,47.51,800,47.58,12600,47.59,3500,47.61,2300,47.62,7200,47.63,1700,HOLD
1780537033551,09:37:09,47.55,48.0,48.96,47.44,49.22,2515800.0,120740000.0,47.55,17400,47.53,200,47.52,3400,47.51,800,47.5,28700,47.58,8800,47.59,3500,47.61,2300,47.62,7200,47.63,100,HOLD
1780537036560,09:37:12,47.58,48.0,48.96,47.44,49.22,2520100.0,120940000.0,47.56,200,47.55,15800,47.53,200,47.52,3400,47.51,900,47.58,7100,47.59,3700,47.61,2300,47.62,7200,47.63,100,HOLD
1780537039567,09:37:15,47.56,48.0,48.96,47.44,49.22,2529600.0,121400000.0,47.56,100,47.55,14600,47.53,200,47.52,3400,47.51,1000,47.58,1200,47.59,3700,47.61,2300,47.62,7200,47.63,100,HOLD
1780537042574,09:37:18,47.55,48.0,48.96,47.44,49.22,2538900.0,121840000.0,47.55,7400,47.54,200,47.53,200,47.52,3400,47.51,1000,47.56,1300,47.57,2200,47.58,1200,47.59,3700,47.61,700,HOLD
1780537045582,09:37:21,47.47,48.0,48.96,47.44,49.22,2592500.0,124380000.0,47.47,400,47.46,6200,47.45,3500,47.44,9500,47.43,1200,47.5,4000,47.51,5000,47.55,1000,47.56,2600,47.57,2200,HOLD
1780537048586,09:37:24,47.47,48.0,48.96,47.4,49.22,2620700.0,125720000.0,47.4,9500,47.39,1100,47.38,1500,47.37,400,47.36,500,47.47,600,47.48,3000,47.49,1100,47.5,4000,47.51,5000,HOLD
1780537051598,09:37:27,47.35,48.0,48.96,47.35,49.22,2637000.0,126490000.0,47.35,2000,47.33,200,47.32,300,47.3,3000,47.28,300,47.37,1400,47.38,10500,47.4,100,47.47,2000,47.48,3000,HOLD
1780537054606,09:37:30,47.35,48.0,48.96,47.35,49.22,2641800.0,126720000.0,47.35,600,47.33,200,47.32,300,47.3,2900,47.28,300,47.4,2700,47.47,3100,47.48,5200,47.5,6000,47.51,5000,HOLD
1780537057618,09:37:33,47.33,48.0,48.96,47.3,49.22,2648700.0,127050000.0,47.3,2500,47.28,300,47.27,200,47.26,100,47.25,1500,47.32,1000,47.33,800,47.35,1000,47.39,1300,47.4,4100,HOLD
1780537060645,09:37:39,47.32,48.0,48.96,47.28,49.22,2737700.0,131260000.0,47.32,3800,47.3,100,47.29,300,47.27,200,47.26,100,47.4,600,47.47,300,47.48,5100,47.5,3200,47.51,5000,HOLD
1780537066659,09:37:42,47.32,48.0,48.96,47.28,49.22,2744200.0,131570000.0,47.32,2100,47.3,300,47.29,300,47.27,700,47.26,100,47.35,1000,47.45,200,47.46,600,47.47,7500,47.48,5100,HOLD
1780537069703,09:37:45,47.35,48.0,48.96,47.28,49.22,2750200.0,131850000.0,47.35,1200,47.33,1100,47.32,3100,47.3,700,47.29,600,47.38,1300,47.4,1900,47.41,1400,47.45,200,47.46,600,HOLD
1780537072679,09:37:48,47.32,48.0,48.96,47.28,49.22,2755700.0,132110000.0,47.32,3400,47.31,100,47.3,700,47.29,600,47.28,200,47.35,200,47.38,700,47.4,1900,47.41,1400,47.45,200,HOLD
1780537075681,09:37:54,47.38,48.0,48.96,47.27,49.22,2774800.0,133010000.0,47.35,100,47.32,4600,47.27,1800,47.26,700,47.25,1500,47.38,600,47.4,1900,47.41,1400,47.46,600,47.47,7200,HOLD
1780537081703,09:38:00,47.26,48.0,48.96,47.23,49.22,2795800.0,134010000.0,47.26,1000,47.25,300,47.23,1100,47.22,4500,47.21,500,47.35,4000,47.36,1100,47.38,200,47.39,1800,47.47,7200,HOLD
1780537091899,09:38:03,47.36,48.0,48.96,47.23,49.22,2806500.0,134510000.0,47.3,700,47.28,1000,47.26,600,47.25,1600,47.23,600,47.38,200,47.39,1800,47.47,7200,47.48,2900,47.56,100,HOLD
1780537091919,09:38:09,47.38,48.0,48.96,47.2,49.22,2854200.0,136770000.0,47.31,200,47.23,400,47.22,200,47.21,300,47.2,3300,47.45,200,47.46,2200,47.47,9300,47.48,2900,47.56,100,HOLD
1780537094926,09:38:12,47.37,48.0,48.96,47.2,49.22,2868200.0,137430000.0,47.31,500,47.26,100,47.25,1300,47.24,7800,47.22,7200,47.37,1400,47.42,1900,47.43,100,47.45,900,47.46,2200,HOLD
1780537097940,09:38:15,47.32,48.0,48.96,47.2,49.22,2875600.0,137780000.0,47.32,600,47.31,500,47.3,100,47.25,1700,47.24,7800,47.41,2000,47.42,900,47.43,200,47.46,2200,47.47,6300,HOLD
1780537103951,09:38:21,47.41,48.0,48.96,47.2,49.22,2892600.0,138590000.0,47.32,100,47.31,100,47.3,100,47.25,11400,47.24,100,47.41,3900,47.42,500,47.43,300,47.46,4300,47.47,6300,HOLD
1780537106956,09:38:24,47.3,48.0,48.96,47.2,49.22,2899500.0,138910000.0,47.3,4700,47.26,200,47.25,11400,47.24,100,47.22,3400,47.4,900,47.41,2500,47.42,100,47.43,300,47.46,2200,HOLD
1780537109955,09:38:27,47.33,48.0,48.96,47.2,49.22,2902700.0,139070000.0,47.33,400,47.31,500,47.3,8300,47.26,1200,47.25,11600,47.4,800,47.41,2500,47.42,300,47.43,300,47.46,2200,HOLD
1780537112960,09:38:30,47.4,48.0,48.96,47.2,49.22,2908100.0,139320000.0,47.32,100,47.31,600,47.3,8400,47.27,100,47.26,1500,47.41,2200,47.42,300,47.43,300,47.46,2200,47.47,6300,HOLD
1780537115968,09:38:33,47.34,48.0,48.96,47.2,49.22,2914200.0,139610000.0,47.34,500,47.33,300,47.32,500,47.31,4000,47.3,10200,47.4,7000,47.41,1400,47.42,200,47.43,500,47.46,2200,HOLD
1780537118970,09:38:36,47.39,48.0,48.96,47.2,49.22,2922400.0,140000000.0,47.33,1200,47.32,700,47.31,5900,47.3,10300,47.27,100,47.39,2200,47.4,4100,47.41,1600,47.42,200,47.43,500,HOLD
1780537121972,09:38:39,47.32,48.0,48.96,47.2,49.22,2929300.0,140330000.0,47.31,6000,47.3,12300,47.27,100,47.26,1200,47.25,12700,47.4,4300,47.41,1800,47.42,200,47.43,500,47.46,2200,HOLD
1780537124988,09:38:42,47.32,48.0,48.96,47.2,49.22,2939700.0,140820000.0,47.32,100,47.31,3300,47.3,16600,47.27,2100,47.26,1200,47.38,1300,47.39,3500,47.4,4300,47.41,1800,47.42,200,HOLD
1780537131009,09:38:45,47.32,48.0,48.96,47.2,49.22,2949400.0,141280000.0,47.3,13700,47.27,2100,47.26,1200,47.25,12700,47.24,100,47.31,200,47.32,2100,47.34,2200,47.38,300,47.39,1900,HOLD
1780537134019,09:38:51,47.32,48.0,48.96,47.2,49.22,2972600.0,142370000.0,47.32,39200,47.31,800,47.3,14000,47.29,100,47.28,500,47.39,1000,47.4,13100,47.41,200,47.42,200,47.43,500,HOLD
1780537137021,09:38:54,47.38,48.0,48.96,47.2,49.22,2977300.0,142600000.0,47.38,1800,47.34,100,47.32,39900,47.31,2100,47.3,15800,47.4,12500,47.41,200,47.42,200,47.43,500,47.46,2200,HOLD
1780537140032,09:38:57,47.38,48.0,48.96,47.2,49.22,2992800.0,143330000.0,47.4,700,47.38,700,47.36,200,47.34,10400,47.33,200,47.43,400,47.46,4900,47.47,6300,47.48,2900,47.49,2300,HOLD
1780537146044,09:39:03,47.34,48.0,48.96,47.2,49.22,3022200.0,144720000.0,47.34,3000,47.33,300,47.32,40500,47.31,1600,47.3,14800,47.43,100,47.45,600,47.46,7500,47.47,6300,47.48,2900,HOLD
1780537149042,09:39:06,47.32,48.0,48.96,47.2,49.22,3029700.0,145080000.0,47.32,39500,47.31,1600,47.3,16800,47.29,200,47.28,600,47.34,1600,47.4,200,47.43,1400,47.45,500,47.46,4800,HOLD
1780537155601,09:39:12,47.26,48.0,48.96,47.2,49.22,3098600.0,148340000.0,47.25,12900,47.24,100,47.23,100,47.22,1700,47.21,900,47.3,700,47.31,14700,47.32,600,47.33,200,47.34,2300,HOLD
1780537161078,09:39:18,47.23,48.0,48.96,47.2,49.22,3124700.0,149570000.0,47.2,3200,47.19,500,47.18,2800,47.17,19400,47.16,100,47.23,1400,47.24,100,47.25,2200,47.26,100,47.27,1700,HOLD
1780537164087,09:39:21,47.17,48.0,48.96,47.17,49.22,3134900.0,150050000.0,47.17,17700,47.16,100,47.15,1100,47.14,3700,47.13,3600,47.18,300,47.19,1800,47.2,800,47.21,800,47.22,200,HOLD
1780537167097,09:39:24,47.1,48.0,48.96,47.1,49.22,3168100.0,151620000.0,47.1,100,47.08,600,47.06,500,47.05,1200,47.04,500,47.11,3900,47.12,7700,47.13,400,47.14,200,47.16,2300,HOLD
1780537170110,09:39:27,47.11,48.0,48.96,47.06,49.22,3171600.0,151780000.0,47.05,1200,47.04,500,47.03,100,47.02,2900,47.01,8600,47.11,1600,47.14,200,47.16,2300,47.17,5000,47.18,1400,HOLD
1780537173118,09:39:30,47.05,48.0,48.96,47.04,49.22,3176000.0,151990000.0,47.04,600,47.03,100,47.02,2900,47.01,8600,47.0,110700,47.05,1200,47.07,1000,47.1,5700,47.11,2100,47.14,200,HOLD
1780537179144,09:39:36,47.05,48.0,48.96,47.01,49.22,3196100.0,152940000.0,47.05,1600,47.02,100,47.01,6300,47.0,110900,46.99,1500,47.06,1700,47.07,1000,47.1,2000,47.11,1300,47.14,200,HOLD
1780537183718,09:39:39,47.06,48.0,48.96,47.01,49.22,3203200.0,153270000.0,47.01,5200,47.0,110100,46.99,1500,46.98,700,46.97,1000,47.07,1000,47.1,2000,47.11,1300,47.14,200,47.16,2300,HOLD
1780537185160,09:39:42,47.07,48.0,48.96,47.01,49.22,3211000.0,153640000.0,47.06,100,47.01,1500,47.0,110000,46.99,1500,46.98,700,47.07,600,47.1,2000,47.11,1300,47.14,200,47.16,2300,HOLD
1780537193734,09:39:48,47.07,48.0,48.96,47.01,49.22,3225700.0,154330000.0,47.07,3900,47.06,100,47.05,200,47.02,400,47.01,3700,47.11,2000,47.14,200,47.16,2500,47.17,2400,47.18,200,HOLD
1780537196723,09:39:54,47.02,48.0,48.96,47.01,49.22,3245700.0,155270000.0,47.02,600,47.01,2000,47.0,111600,46.99,1500,46.98,700,47.05,1100,47.07,4700,47.08,100,47.09,400,47.1,900,HOLD
1780537208751,09:40:03,47.0,48.0,48.96,47.0,49.22,3273700.0,156590000.0,47.0,117500,46.99,1900,46.98,700,46.97,1000,46.96,400,47.01,3900,47.02,6800,47.05,2100,47.06,600,47.07,3000,HOLD
1780537211766,09:40:09,47.05,48.0,48.96,47.0,49.22,3323600.0,158930000.0,47.03,200,47.02,12700,47.01,3600,47.0,116400,46.99,3000,47.25,800,47.32,100,47.33,600,47.38,5400,47.43,1300,HOLD
1780537214737,09:40:12,47.15,48.0,48.96,47.0,49.22,3326300.0,159060000.0,47.09,2900,47.07,2700,47.04,3500,47.03,600,47.02,1200,47.15,100,47.17,100,47.24,400,47.25,800,47.32,100,HOLD
1780537220776,09:40:18,47.18,48.0,48.96,47.0,49.22,3335700.0,159500000.0,47.18,100,47.15,1300,47.1,100,47.09,2500,47.08,1000,47.24,500,47.33,400,47.37,5800,47.38,5400,47.43,1300,HOLD
1780537223797,09:40:21,47.18,48.0,48.96,47.0,49.22,3341900.0,159800000.0,47.18,5500,47.15,3000,47.1,100,47.09,2500,47.08,1000,47.24,500,47.33,400,47.37,5800,47.38,5400,47.43,1300,HOLD
1780537229828,09:40:24,47.2,48.0,48.96,47.0,49.22,3351600.0,160260000.0,47.19,400,47.17,2100,47.15,4000,47.1,100,47.09,2500,47.24,1000,47.3,200,47.31,200,47.33,1800,47.34,4300,HOLD
1780537232839,09:40:30,47.18,48.0,48.96,47.0,49.22,3375000.0,161360000.0,47.09,400,47.08,1100,47.07,600,47.05,1000,47.04,3900,47.18,600,47.19,3000,47.2,2800,47.23,1000,47.24,900,HOLD
1780537235818,09:40:33,47.19,48.0,48.96,47.0,49.22,3382400.0,161710000.0,47.08,600,47.07,1100,47.05,1300,47.04,3900,47.03,700,47.19,600,47.2,2700,47.23,1000,47.27,1300,47.28,500,HOLD
1780537238845,09:40:36,47.08,48.0,48.96,47.0,49.22,3391800.0,162150000.0,47.08,300,47.05,600,47.04,3900,47.03,500,47.02,7900,47.16,1800,47.17,500,47.18,4600,47.19,300,47.2,500,HOLD
1780537244850,09:40:42,47.11,48.0,48.96,47.0,49.22,3403300.0,162690000.0,47.14,9300,47.08,100,47.03,500,47.02,7300,47.01,11900,47.16,1000,47.17,500,47.18,4600,47.19,1000,47.2,1200,HOLD
1780537250873,09:40:48,47.03,48.0,48.96,47.0,49.22,3422500.0,163600000.0,47.02,200,47.01,13300,47.0,151500,46.99,3100,46.98,900,47.09,700,47.14,3100,47.15,3200,47.16,1500,47.18,7500,HOLD
1780537256906,09:40:51,47.03,48.0,48.96,47.0,49.22,3425400.0,163730000.0,47.03,1700,47.02,3600,47.01,13800,47.0,153500,46.99,2000,47.07,200,47.08,100,47.09,900,47.1,400,47.14,100,HOLD
1780537259893,09:40:57,47.07,48.0,48.96,47.0,49.22,3438300.0,164340000.0,47.03,100,47.02,1200,47.01,12800,47.0,154800,46.99,2100,47.09,600,47.1,400,47.12,1300,47.14,100,47.15,3800,HOLD
1780537262905,09:41:00,47.03,48.0,48.96,47.0,49.22,3441400.0,164490000.0,47.05,100,47.03,400,47.02,2300,47.01,12800,47.0,155500,47.06,500,47.07,200,47.08,500,47.09,400,47.1,400,HOLD
1780537265902,09:41:03,47.06,48.0,48.96,47.0,49.22,3443900.0,164600000.0,47.06,800,47.05,1200,47.04,500,47.03,1100,47.02,3600,47.07,200,47.08,700,47.09,1100,47.1,400,47.14,100,HOLD
1780537271925,09:41:09,47.09,48.0,48.96,47.0,49.22,3461100.0,165410000.0,47.09,16800,47.08,500,47.07,100,47.06,2800,47.05,600,47.18,900,47.2,1000,47.25,1000,47.27,1300,47.28,2300,HOLD
1780537274939,09:41:12,47.2,48.0,48.96,47.0,49.22,3464400.0,165570000.0,47.18,2800,47.16,300,47.1,2100,47.09,16900,47.08,4300,47.2,100,47.21,300,47.25,1000,47.27,1300,47.28,2300,HOLD
1780537277951,09:41:15,47.2,48.0,48.96,47.0,49.22,3465600.0,165630000.0,47.2,1400,47.19,1000,47.18,4800,47.16,300,47.13,100,47.21,800,47.25,1000,47.33,300,47.38,5400,47.43,1300,HOLD
1780537283961,09:41:21,47.21,48.0,48.96,47.0,49.22,3470900.0,165880000.0,47.21,2400,47.2,2100,47.19,1000,47.18,1800,47.16,300,47.22,900,47.24,1700,47.25,1000,47.26,1000,47.27,1500,HOLD
1780537286972,09:41:24,47.21,48.0,48.96,47.0,49.22,3472400.0,165950000.0,47.21,3800,47.2,2100,47.19,1000,47.18,1800,47.16,300,47.22,200,47.23,1000,47.24,500,47.25,1000,47.33,500,HOLD
1780537289974,09:41:27,47.22,48.0,48.96,47.0,49.22,3474000.0,166020000.0,47.22,1800,47.21,4800,47.2,5700,47.19,1100,47.18,1800,47.23,600,47.24,500,47.25,1000,47.33,500,47.38,5400,HOLD
1780537296001,09:41:33,47.25,48.0,48.96,47.0,49.22,3487300.0,166650000.0,47.22,1000,47.21,6000,47.2,5700,47.19,1100,47.18,1200,47.25,2500,47.26,3100,47.27,500,47.33,500,47.38,5400,HOLD
1780537299009,09:41:36,47.26,48.0,48.96,47.0,49.22,3493900.0,166960000.0,47.25,1400,47.24,1000,47.23,100,47.22,2000,47.21,5900,47.26,3000,47.27,500,47.33,500,47.37,100,47.38,5400,HOLD
1780537305015,09:41:42,47.28,48.0,48.96,47.0,49.22,3500100.0,167260000.0,47.27,300,47.26,4700,47.25,11000,47.24,200,47.22,2300,47.32,100,47.33,200,47.37,100,47.38,5400,47.4,300,HOLD
1780537308021,09:41:45,47.32,48.0,48.96,47.0,49.22,3504300.0,167450000.0,47.32,200,47.26,4900,47.25,9700,47.24,200,47.22,2100,47.33,200,47.37,100,47.38,5400,47.4,300,47.43,4400,HOLD
1780537311034,09:41:48,47.31,48.0,48.96,47.0,49.22,3514900.0,167960000.0,47.26,800,47.25,9400,47.24,200,47.23,100,47.22,2100,47.31,600,47.32,400,47.33,1600,47.37,100,47.38,5400,HOLD
1780537317049,09:41:54,47.33,48.0,48.96,47.0,49.22,3550400.0,169630000.0,47.33,300,47.31,1400,47.3,100,47.27,2100,47.24,200,47.36,300,47.38,3700,47.4,1200,47.43,1300,47.48,100,HOLD
1780537320055,09:41:57,47.33,48.0,48.96,47.0,49.22,3552300.0,169720000.0,47.33,1700,47.32,300,47.31,1800,47.3,500,47.27,2100,47.38,3700,47.4,1200,47.43,1300,47.48,100,47.5,1300,HOLD
1780537323058,09:42:00,47.33,48.0,48.96,47.0,49.22,3557500.0,169970000.0,47.33,1700,47.32,400,47.31,4400,47.3,500,47.27,2100,47.36,300,47.37,3800,47.38,1200,47.4,1200,47.43,1300,HOLD
1780537326071,09:42:03,47.33,48.0,48.96,47.0,49.22,3564400.0,170300000.0,47.33,100,47.31,1800,47.3,500,47.27,2100,47.26,100,47.34,300,47.35,2000,47.36,600,47.37,3500,47.38,1200,HOLD
1780537329080,09:42:06,47.3,48.0,48.96,47.0,49.22,3568900.0,170510000.0,47.27,1100,47.26,100,47.25,100,47.24,500,47.23,600,47.33,4600,47.34,400,47.35,2000,47.36,600,47.37,3500,HOLD
1780537332086,09:42:09,47.24,48.0,48.96,47.0,49.22,3580800.0,171070000.0,47.2,700,47.19,400,47.18,400,47.16,1400,47.15,200,47.24,2500,47.27,4300,47.28,100,47.3,800,47.31,500,HOLD
1780537335102,09:42:12,47.16,48.0,48.96,47.0,49.22,3585700.0,171300000.0,47.16,1100,47.15,300,47.13,100,47.12,200,47.11,400,47.2,300,47.22,800,47.23,1200,47.24,3400,47.27,2400,HOLD
1780537338100,09:42:15,47.22,48.0,48.96,47.0,49.22,3586500.0,171340000.0,47.2,500,47.18,700,47.16,1500,47.15,300,47.13,100,47.22,600,47.23,1200,47.24,3400,47.28,100,47.31,400,HOLD
1780537341140,09:42:18,47.21,48.0,48.96,47.0,49.22,3587400.0,171380000.0,47.21,400,47.2,1100,47.18,900,47.17,200,47.16,1500,47.22,800,47.23,1200,47.24,3400,47.28,100,47.31,400,HOLD
1780537344221,09:42:21,47.21,48.0,48.96,47.0,49.22,3591700.0,171590000.0,47.2,100,47.18,800,47.17,200,47.16,1500,47.15,1300,47.21,1000,47.22,1600,47.24,2900,47.28,100,47.31,400,HOLD
1780537347122,09:42:24,47.18,48.0,48.96,47.0,49.22,3593600.0,171680000.0,47.2,400,47.18,400,47.17,200,47.16,1500,47.15,1400,47.21,2900,47.22,1600,47.24,2900,47.28,100,47.31,400,HOLD
1780537350128,09:42:27,47.22,48.0,48.96,47.0,49.22,3599600.0,171960000.0,47.21,3000,47.2,2600,47.18,400,47.17,200,47.16,1500,47.22,500,47.24,2900,47.28,100,47.31,400,47.32,300,HOLD
1780537353150,09:42:30,47.22,48.0,48.96,47.0,49.22,3602000.0,172070000.0,47.22,300,47.21,4800,47.2,2600,47.18,400,47.17,300,47.23,1600,47.24,3400,47.25,1300,47.28,100,47.31,400,HOLD
1780537356169,09:42:33,47.21,48.0,48.96,47.0,49.22,3610300.0,172460000.0,47.21,2100,47.2,2600,47.18,400,47.17,300,47.16,2500,47.23,1100,47.24,3400,47.25,1300,47.31,400,47.32,300,HOLD
1780537359170,09:42:36,47.21,48.0,48.96,47.0,49.22,3616100.0,172740000.0,47.21,100,47.2,1400,47.18,400,47.17,300,47.16,2500,47.22,2000,47.23,1400,47.24,3400,47.25,1600,47.3,200,HOLD
1780537362171,09:42:39,47.21,48.0,48.96,47.0,49.22,3619400.0,172890000.0,47.2,700,47.18,800,47.17,300,47.16,2500,47.15,2000,47.21,1300,47.22,5400,47.23,4000,47.24,2600,47.25,300,HOLD
1780537365183,09:42:42,47.13,48.0,48.96,47.0,49.22,3629500.0,173370000.0,47.13,100,47.12,500,47.11,1800,47.1,6200,47.09,18400,47.14,800,47.15,1900,47.16,2900,47.17,6900,47.18,300,HOLD
1780537368184,09:42:45,47.11,48.0,48.96,47.0,49.22,3631800.0,173480000.0,47.11,1600,47.1,4400,47.09,18400,47.08,300,47.07,8600,47.14,400,47.15,1900,47.16,2900,47.18,300,47.2,5700,HOLD
1780537371197,09:42:48,47.14,48.0,48.96,47.0,49.22,3633600.0,173560000.0,47.12,900,47.11,1100,47.1,4400,47.09,18400,47.08,500,47.14,100,47.15,1300,47.16,100,47.18,300,47.2,3000,HOLD
1780537374199,09:42:51,47.1,48.0,48.96,47.0,49.22,3646300.0,174160000.0,47.09,15000,47.08,500,47.07,8600,47.06,1700,47.05,1300,47.1,200,47.12,1300,47.14,100,47.15,800,47.18,300,HOLD
1780537377206,09:42:54,47.12,48.0,48.96,47.0,49.22,3651600.0,174410000.0,47.1,100,47.09,11600,47.08,500,47.07,8600,47.06,1700,47.12,1000,47.14,100,47.15,800,47.18,300,47.2,3000,HOLD
1780537380215,09:42:57,47.11,48.0,48.96,47.0,49.22,3653700.0,174510000.0,47.1,9000,47.09,11300,47.08,1800,47.07,8600,47.06,1700,47.12,400,47.15,500,47.18,300,47.2,1000,47.21,2400,HOLD
1780537383216,09:43:00,47.1,48.0,48.96,47.0,49.22,3655900.0,174610000.0,47.1,10300,47.09,11300,47.08,1800,47.07,8500,47.06,2000,47.12,6800,47.14,700,47.15,1900,47.16,200,47.18,300,HOLD
1780537386232,09:43:03,47.12,48.0,48.96,47.0,49.22,3661200.0,174860000.0,47.11,400,47.1,10000,47.09,11300,47.08,2800,47.07,8500,47.12,4300,47.13,1100,47.15,400,47.18,300,47.2,1000,HOLD
1780537392251,09:43:09,47.18,48.0,48.96,47.0,49.22,3689300.0,176190000.0,47.13,200,47.12,11900,47.11,500,47.1,9200,47.09,10200,47.17,11100,47.18,200,47.2,6600,47.21,6600,47.22,8900,HOLD
1780537395257,09:43:12,47.12,48.0,48.96,47.0,49.22,3694000.0,176410000.0,47.12,9000,47.11,700,47.1,9700,47.09,10200,47.08,2800,47.13,11000,47.14,6600,47.15,11900,47.16,1500,47.17,400,HOLD
1780537398257,09:43:15,47.11,48.0,48.96,47.0,49.22,3709200.0,177130000.0,47.1,8300,47.09,10200,47.08,3300,47.07,8600,47.06,2000,47.11,10400,47.12,4800,47.13,11900,47.14,1200,47.16,300,HOLD
1780537404275,09:43:21,47.1,48.0,48.96,47.0,49.22,3738300.0,178500000.0,47.08,200,47.07,8200,47.06,2000,47.05,1300,47.04,500,47.1,700,47.11,300,47.12,6300,47.13,900,47.14,2300,HOLD
1780537407281,09:43:24,47.09,48.0,48.96,47.0,49.22,3740100.0,178580000.0,47.09,200,47.08,700,47.07,7300,47.06,2000,47.05,1300,47.1,100,47.11,2700,47.12,6300,47.13,900,47.14,2300,HOLD
1780537410291,09:43:27,47.1,48.0,48.96,47.0,49.22,3741200.0,178630000.0,47.09,600,47.08,3000,47.07,7300,47.06,2000,47.05,1300,47.1,400,47.11,4400,47.12,5000,47.13,300,47.14,1200,HOLD
1780537413300,09:43:30,47.1,48.0,48.96,47.0,49.22,3742300.0,178680000.0,47.09,500,47.08,3100,47.07,7400,47.06,2000,47.05,1300,47.1,2100,47.11,4400,47.12,5000,47.13,300,47.14,1200,HOLD
1780537416307,09:43:33,47.09,48.0,48.96,47.0,49.22,3749700.0,179030000.0,47.07,7500,47.06,2000,47.05,1300,47.04,500,47.03,16000,47.09,100,47.1,3500,47.11,2700,47.12,5000,47.13,300,HOLD
1780537419314,09:43:36,47.09,48.0,48.96,47.0,49.22,3754600.0,179260000.0,47.07,3900,47.06,2000,47.05,11600,47.04,500,47.03,16000,47.09,1500,47.1,1800,47.11,2700,47.12,5000,47.13,300,HOLD
1780537422325,09:43:39,47.1,48.0,48.96,47.0,49.22,3756600.0,179360000.0,47.1,200,47.09,200,47.07,3900,47.06,2000,47.05,11600,47.11,2700,47.12,5000,47.13,300,47.14,1200,47.16,200,HOLD
1780537425335,09:43:42,47.08,48.0,48.96,47.0,49.22,3763700.0,179690000.0,47.08,400,47.07,4500,47.06,2000,47.05,12100,47.04,500,47.09,6800,47.1,5900,47.11,2700,47.12,4500,47.13,300,HOLD
1780537428350,09:43:45,47.05,48.0,48.96,47.0,49.22,3772800.0,180120000.0,47.05,13200,47.04,500,47.03,16000,47.02,4900,47.01,19500,47.06,11200,47.07,2600,47.08,5000,47.09,200,47.1,2800,HOLD
1780537431363,09:43:48,47.05,48.0,48.96,47.0,49.22,3789200.0,180890000.0,47.03,15800,47.02,4900,47.01,19500,47.0,177000,46.99,2300,47.05,8900,47.07,100,47.08,600,47.09,200,47.1,2800,HOLD
1780537434373,09:43:51,47.03,48.0,48.96,47.0,49.22,3794100.0,181120000.0,47.03,12200,47.02,4900,47.01,21500,47.0,178600,46.99,2300,47.05,8500,47.07,100,47.08,700,47.09,200,47.1,2800,HOLD
1780537437375,09:43:54,47.11,48.0,48.96,47.0,49.22,3810300.0,181890000.0,47.1,3000,47.09,1400,47.08,2900,47.06,500,47.05,900,47.11,2000,47.12,4400,47.13,300,47.14,1200,47.16,200,HOLD
1780537440384,09:43:57,47.16,48.0,48.96,47.0,49.22,3821500.0,182410000.0,47.16,100,47.11,8700,47.1,3600,47.09,1400,47.08,2900,47.17,100,47.18,200,47.2,2600,47.21,1700,47.22,7400,HOLD
1780537443390,09:44:00,47.16,48.0,48.96,47.0,49.22,3824700.0,182560000.0,47.16,200,47.14,200,47.11,8700,47.1,3900,47.09,1400,47.18,1000,47.19,4100,47.2,300,47.21,1700,47.22,7400,HOLD
1780537446388,09:44:03,47.15,48.0,48.96,47.0,49.22,3835100.0,183050000.0,47.11,300,47.1,2500,47.09,200,47.08,2200,47.07,200,47.15,1500,47.16,1800,47.17,2300,47.18,3400,47.19,4100,HOLD
1780537449391,09:44:06,47.11,48.0,48.96,47.0,49.22,3838700.0,183220000.0,47.1,1900,47.09,200,47.08,1000,47.07,200,47.06,500,47.11,1300,47.15,300,47.16,200,47.17,200,47.18,1500,HOLD
1780537452417,09:44:09,47.11,48.0,48.96,47.0,49.22,3841000.0,183330000.0,47.1,1800,47.09,200,47.08,1000,47.07,300,47.06,500,47.15,300,47.16,100,47.17,200,47.18,1400,47.19,4100,HOLD
1780537455401,09:44:12,47.09,48.0,48.96,47.0,49.22,3846000.0,183570000.0,47.08,800,47.07,300,47.06,500,47.05,2200,47.03,17000,47.09,100,47.12,700,47.15,5400,47.17,200,47.18,1400,HOLD
1780537458405,09:44:15,47.08,48.0,48.96,47.0,49.22,3853000.0,183900000.0,47.05,2000,47.03,17000,47.02,4900,47.01,22200,47.0,181500,47.09,1100,47.1,2400,47.12,700,47.15,5400,47.17,200,HOLD
1780537461409,09:44:18,47.05,48.0,48.96,47.0,49.22,3857000.0,184090000.0,47.03,17000,47.02,4900,47.01,22200,47.0,179500,46.99,3300,47.05,4600,47.08,1300,47.09,1800,47.1,2400,47.12,700,HOLD
1780537464429,09:44:21,47.04,48.0,48.96,47.0,49.22,3863300.0,184380000.0,47.03,11000,47.02,4900,47.01,22200,47.0,179800,46.99,3300,47.04,800,47.05,5500,47.06,100,47.08,1600,47.09,1800,HOLD
1780537467429,09:44:24,47.03,48.0,48.96,47.0,49.22,3869300.0,184660000.0,47.03,7400,47.02,4900,47.01,22500,47.0,180000,46.99,3300,47.05,3900,47.06,100,47.08,1600,47.09,1800,47.1,2400,HOLD
1780537470443,09:44:27,47.05,48.0,48.96,47.0,49.22,3878100.0,185080000.0,47.04,100,47.03,2700,47.02,5900,47.01,22500,47.0,181100,47.05,2900,47.06,100,47.08,1300,47.09,1800,47.1,2400,HOLD
1780537473442,09:44:30,47.05,48.0,48.96,47.0,49.22,3879300.0,185130000.0,47.03,2700,47.02,6700,47.01,22600,47.0,181300,46.99,3300,47.05,2200,47.06,100,47.08,1300,47.09,1700,47.1,2400,HOLD
1780537476461,09:44:33,47.05,48.0,48.96,47.0,49.22,3889600.0,185620000.0,47.05,9100,47.02,5500,47.01,22600,47.0,182800,46.99,3300,47.06,100,47.08,1300,47.09,1700,47.1,2400,47.15,6000,HOLD
1780537479458,09:44:36,47.05,48.0,48.96,47.0,49.22,3894600.0,185850000.0,47.06,100,47.05,4500,47.04,600,47.03,300,47.02,6800,47.07,700,47.08,1300,47.09,1500,47.15,6000,47.17,200,HOLD
1780537482466,09:44:39,47.06,48.0,48.96,47.0,49.22,3895600.0,185900000.0,47.06,1400,47.05,6100,47.04,600,47.03,900,47.02,7100,47.07,400,47.08,1300,47.09,1100,47.15,6000,47.17,200,HOLD
1780537485472,09:44:42,47.02,48.0,48.96,47.0,49.22,3913500.0,186740000.0,47.06,1000,47.05,600,47.04,100,47.03,1000,47.02,1000,47.09,1100,47.13,400,47.14,1200,47.15,6000,47.17,200,HOLD
1780537488482,09:44:45,47.06,48.0,48.96,47.0,49.22,3914500.0,186790000.0,47.06,100,47.05,600,47.04,100,47.03,300,47.02,1000,47.08,1300,47.09,1100,47.13,400,47.14,1200,47.15,6000,HOLD
1780537491492,09:44:48,47.07,48.0,48.96,47.0,49.22,3915700.0,186850000.0,47.07,200,47.06,600,47.05,100,47.03,300,47.02,1200,47.08,1300,47.09,1100,47.13,400,47.14,1200,47.15,6000,HOLD
1780537494507,09:44:51,47.03,48.0,48.96,47.0,49.22,3917900.0,186950000.0,47.03,200,47.02,1200,47.01,24400,47.0,181000,46.99,3300,47.06,1800,47.07,1200,47.08,1300,47.09,1100,47.11,500,HOLD
1780537497512,09:44:54,47.04,48.0,48.96,47.0,49.22,3918100.0,186960000.0,47.03,200,47.02,2300,47.01,24400,47.0,181100,46.99,3300,47.06,2100,47.07,1600,47.08,1300,47.09,1100,47.11,500,HOLD
1780537500525,09:44:57,47.02,48.0,48.96,47.0,49.22,3950400.0,188480000.0,47.02,600,47.0,181800,46.99,3300,46.98,6800,46.97,1200,47.03,300,47.06,2200,47.07,1600,47.08,1300,47.09,1100,HOLD
1780537503537,09:45:00,47.01,48.0,48.96,47.0,49.22,3954200.0,188660000.0,47.01,1000,47.0,185200,46.99,3300,46.98,6800,46.97,1200,47.02,2700,47.03,300,47.05,1700,47.06,2700,47.07,1600,HOLD
1780537506543,09:45:03,47.03,48.0,48.96,47.0,49.22,3961400.0,189000000.0,47.01,200,47.0,182200,46.99,3400,46.98,6800,46.97,1200,47.05,1700,47.06,2700,47.07,1600,47.08,1300,47.09,1000,HOLD
1780537509657,09:45:06,47.1,48.0,48.96,47.0,49.22,3975600.0,189660000.0,47.09,400,47.07,200,47.02,3000,47.01,1000,47.0,183800,47.1,300,47.13,400,47.14,1200,47.15,6000,47.17,200,HOLD
1780537512609,09:45:09,47.18,48.0,48.96,47.0,49.22,3990800.0,190380000.0,47.18,1800,47.13,300,47.1,100,47.07,400,47.02,3000,47.2,700,47.21,1700,47.22,6400,47.23,100,47.3,1500,HOLD
1780537518598,09:45:12,47.22,48.0,48.96,47.0,49.22,3998900.0,190760000.0,47.1,100,47.09,3000,47.07,400,47.02,3100,47.01,1500,47.17,100,47.18,2700,47.2,400,47.21,100,47.22,2800,HOLD
1780537521672,09:45:15,47.18,48.0,48.96,47.0,49.22,4000700.0,190850000.0,47.16,100,47.09,2800,47.07,700,47.03,800,47.02,6100,47.18,2300,47.2,400,47.21,100,47.22,2800,47.23,100,HOLD
1780537524774,09:45:21,47.22,48.0,48.96,47.0,49.22,4011100.0,191340000.0,47.21,300,47.2,7400,47.18,1900,47.17,200,47.16,800,47.22,1800,47.23,100,47.3,1500,47.31,400,47.33,100,HOLD
1780537527630,09:45:24,47.22,48.0,48.96,47.0,49.22,4013200.0,191440000.0,47.22,5800,47.21,700,47.2,7400,47.18,2200,47.17,400,47.3,1500,47.31,400,47.33,100,47.36,200,47.38,1100,HOLD
1780537530663,09:45:27,47.22,48.0,48.96,47.0,49.22,4015400.0,191540000.0,47.23,400,47.22,4600,47.21,900,47.2,7400,47.19,100,47.3,1200,47.31,400,47.33,100,47.36,200,47.38,1100,HOLD
1780537533658,09:45:30,47.22,48.0,48.96,47.0,49.22,4016400.0,191590000.0,47.23,200,47.22,1900,47.21,500,47.2,8000,47.19,100,47.29,800,47.3,1200,47.31,400,47.33,100,47.36,200,HOLD
1780537536657,09:45:33,47.23,48.0,48.96,47.0,49.22,4016900.0,191610000.0,47.23,3900,47.22,1900,47.21,300,47.2,8000,47.19,100,47.29,900,47.3,1200,47.31,400,47.33,100,47.36,200,HOLD
1780537539648,09:45:36,47.29,48.0,48.96,47.0,49.22,4020500.0,191780000.0,47.23,1500,47.22,1400,47.21,300,47.2,7400,47.19,100,47.29,100,47.3,1500,47.31,400,47.33,100,47.36,200,HOLD
1780537542702,09:45:39,47.24,48.0,48.96,47.0,49.22,4025600.0,192020000.0,47.23,4400,47.22,800,47.21,800,47.2,7400,47.19,100,47.29,200,47.3,1300,47.31,400,47.33,100,47.36,200,HOLD
1780537545700,09:45:42,47.23,48.0,48.96,47.0,49.22,4030700.0,192260000.0,47.23,3500,47.22,800,47.21,800,47.2,7600,47.19,100,47.28,2600,47.29,700,47.3,1300,47.31,400,47.33,100,HOLD
1780537548693,09:45:45,47.23,48.0,48.96,47.0,49.22,4033200.0,192380000.0,47.24,400,47.23,2000,47.22,900,47.21,800,47.2,14400,47.27,1700,47.28,2400,47.29,700,47.3,1300,47.31,400,HOLD
1780537551711,09:45:48,47.23,48.0,48.96,47.0,49.22,4039300.0,192670000.0,47.2,6400,47.19,100,47.18,4200,47.17,700,47.16,200,47.23,2100,47.24,1100,47.26,1200,47.27,1900,47.28,2400,HOLD
1780537554715,09:45:51,47.23,48.0,48.96,47.0,49.22,4051600.0,193250000.0,47.18,3000,47.17,900,47.16,200,47.15,500,47.11,200,47.23,2000,47.24,1100,47.26,1200,47.27,1900,47.28,2400,HOLD
1780537557715,09:45:54,47.3,48.0,48.96,47.0,49.22,4076000.0,194400000.0,47.2,1900,47.18,2400,47.17,900,47.16,200,47.15,500,47.3,1100,47.31,400,47.33,100,47.36,200,47.38,1100,HOLD
1780537560734,09:45:57,47.23,48.0,48.96,47.0,49.22,4078200.0,194510000.0,47.23,10800,47.22,200,47.2,1900,47.18,2400,47.17,900,47.3,1000,47.31,400,47.33,100,47.36,200,47.38,1100,HOLD
1780537563730,09:46:00,47.24,48.0,48.96,47.0,49.22,4082900.0,194730000.0,47.24,1500,47.23,10300,47.22,300,47.21,100,47.2,2100,47.3,2400,47.31,600,47.33,100,47.36,7100,47.38,1100,HOLD
1780537566769,09:46:03,47.24,48.0,48.96,47.0,49.22,4083900.0,194780000.0,47.24,3200,47.23,10600,47.22,300,47.21,100,47.2,2200,47.29,2700,47.3,2600,47.31,600,47.33,100,47.36,7100,HOLD
1780537569733,09:46:06,47.29,48.0,48.96,47.0,49.22,4090700.0,195100000.0,47.25,1600,47.24,200,47.23,9300,47.22,300,47.21,100,47.28,100,47.29,1100,47.3,2600,47.31,1100,47.33,100,HOLD
1780537572750,09:46:09,47.18,48.0,48.96,47.0,49.22,4106000.0,195820000.0,47.18,2400,47.17,900,47.16,200,47.15,2400,47.11,200,47.2,900,47.21,2900,47.23,300,47.25,200,47.27,1900,HOLD
1780537575765,09:46:12,47.18,48.0,48.96,47.0,49.22,4110600.0,196040000.0,47.17,800,47.16,200,47.15,2400,47.11,200,47.1,900,47.18,2600,47.2,3500,47.21,7400,47.22,200,47.25,1300,HOLD
1780537581804,09:46:18,47.18,48.0,48.96,47.0,49.22,4121700.0,196560000.0,47.13,500,47.11,700,47.1,1100,47.09,5500,47.08,700,47.17,3800,47.19,200,47.2,3500,47.21,11900,47.25,1400,HOLD
1780537584813,09:46:21,47.14,48.0,48.96,47.0,49.22,4128100.0,196860000.0,47.14,300,47.13,3600,47.11,700,47.1,1100,47.09,5500,47.17,1500,47.19,200,47.2,3500,47.21,11900,47.25,1200,HOLD
1780537587833,09:46:24,47.17,48.0,48.96,47.0,49.22,4146000.0,197710000.0,47.17,100,47.15,700,47.14,2400,47.09,3900,47.08,1000,47.2,2600,47.21,11900,47.25,1200,47.26,1000,47.29,100,HOLD
1780537590825,09:46:27,47.13,48.0,48.96,47.0,49.22,4156500.0,198200000.0,47.09,3000,47.08,1000,47.07,700,47.06,2000,47.05,1600,47.2,5600,47.21,11900,47.25,1200,47.26,1000,47.29,100,HOLD
1780537593831,09:46:30,47.17,48.0,48.96,47.0,49.22,4158300.0,198290000.0,47.17,100,47.15,2300,47.1,200,47.09,4500,47.08,1000,47.2,5500,47.21,11900,47.25,1200,47.26,1000,47.29,100,HOLD
1780537596827,09:46:33,47.15,48.0,48.96,47.0,49.22,4165900.0,198640000.0,47.15,600,47.1,500,47.09,4500,47.08,1500,47.07,2400,47.16,1000,47.19,7100,47.2,5400,47.21,11900,47.25,1200,HOLD
1780537602868,09:46:39,47.13,48.0,48.96,47.0,49.22,4169500.0,198810000.0,47.1,1000,47.09,6200,47.08,1500,47.07,12700,47.06,2500,47.13,100,47.14,100,47.15,2000,47.16,1400,47.17,300,HOLD
1780537605847,09:46:42,47.1,48.0,48.96,47.0,49.22,4171800.0,198920000.0,47.1,3000,47.09,6300,47.08,1600,47.07,12700,47.06,2500,47.13,5000,47.14,900,47.15,1700,47.16,1900,47.17,300,HOLD
1780537608856,09:46:45,47.1,48.0,48.96,47.0,49.22,4176900.0,199160000.0,47.1,500,47.09,6300,47.08,1700,47.07,12800,47.06,2500,47.13,5700,47.14,900,47.15,1700,47.16,1900,47.17,300,HOLD
1780537611883,09:46:48,47.1,48.0,48.96,47.0,49.22,4180000.0,199310000.0,47.09,6300,47.08,1700,47.07,12800,47.06,2500,47.05,4600,47.1,800,47.12,3300,47.13,6700,47.14,900,47.15,1700,HOLD
1780537614872,09:46:51,47.06,48.0,48.96,47.0,49.22,4204700.0,200470000.0,47.06,300,47.05,4600,47.04,300,47.03,2500,47.02,500,47.07,1200,47.08,4500,47.09,16200,47.1,2900,47.13,3500,HOLD
1780537617886,09:46:54,47.06,48.0,48.96,47.0,49.22,4211700.0,200800000.0,47.03,2000,47.02,700,47.01,11300,47.0,202200,46.99,2800,47.06,5400,47.07,4800,47.08,600,47.09,12200,47.1,2900,HOLD
1780537620916,09:46:57,47.03,48.0,48.96,47.0,49.22,4219500.0,201170000.0,47.03,2000,47.02,700,47.01,11300,47.0,203200,46.99,2800,47.05,1700,47.06,1000,47.07,4800,47.08,600,47.09,300,HOLD
1780537623891,09:47:00,47.03,48.0,48.96,47.0,49.22,4222200.0,201300000.0,47.02,1600,47.01,11300,47.0,202200,46.99,2800,46.98,6800,47.03,1300,47.05,1600,47.06,1000,47.07,4800,47.08,600,HOLD
1780537626910,09:47:03,47.03,48.0,48.96,47.0,49.22,4226100.0,201480000.0,47.02,900,47.01,11300,47.0,202300,46.99,2800,46.98,6800,47.05,3800,47.06,1000,47.07,4800,47.08,600,47.1,2200,HOLD
1780537629912,09:47:06,46.9,48.0,48.96,46.86,49.22,4501200.0,214400000.0,46.89,2400,46.88,2500,46.86,2200,46.85,1900,46.83,1700,46.9,6200,46.91,5400,46.92,15600,46.93,3300,46.94,9900,HOLD
1780537632900,09:47:09,46.92,48.0,48.96,46.81,49.22,4529300.0,215720000.0,46.86,200,46.85,2700,46.8,16800,46.78,600,46.77,200,46.92,13900,46.93,3300,46.94,9900,46.98,4100,46.99,13400,HOLD
1780537635915,09:47:12,46.87,48.0,48.96,46.81,49.22,4535300.0,216000000.0,46.9,100,46.87,900,46.86,1000,46.85,2700,46.84,200,46.92,13600,46.93,3300,46.94,9900,46.98,4100,46.99,13400,HOLD
1780537641946,09:47:18,46.86,48.0,48.96,46.81,49.22,4540200.0,216230000.0,46.88,10600,46.86,700,46.85,2800,46.84,200,46.81,200,46.9,100,46.92,5200,46.93,3200,46.98,4100,46.99,13400,HOLD
1780537644966,09:47:21,46.9,48.0,48.96,46.81,49.22,4549200.0,216650000.0,46.9,2800,46.88,7800,46.87,100,46.86,700,46.85,2800,46.91,17100,46.92,5100,46.93,3000,46.98,4100,46.99,13400,HOLD
1780537647963,09:47:24,46.9,48.0,48.96,46.81,49.22,4561600.0,217240000.0,46.88,8000,46.87,1800,46.86,900,46.85,5900,46.84,200,46.9,3900,46.91,11000,46.92,5100,46.93,3000,46.98,4100,HOLD
1780537650974,09:47:27,46.9,48.0,48.96,46.81,49.22,4569900.0,217620000.0,46.89,2500,46.88,6600,46.87,2300,46.86,1000,46.85,6000,46.9,16000,46.91,11000,46.92,5100,46.93,3500,46.98,4100,HOLD
1780537653998,09:47:30,46.9,48.0,48.96,46.81,49.22,4573600.0,217800000.0,46.89,2000,46.88,7300,46.87,2300,46.86,1500,46.85,6100,46.9,14000,46.91,11100,46.92,5100,46.93,3500,46.98,4100,HOLD
1780537656988,09:47:33,46.9,48.0,48.96,46.81,49.22,4582500.0,218220000.0,46.88,2900,46.87,2300,46.86,1700,46.85,6100,46.84,400,46.9,13100,46.91,11100,46.92,5100,46.93,3500,46.98,4100,HOLD
1780537659989,09:47:36,46.99,48.0,48.96,46.81,49.22,4619200.0,219940000.0,46.98,200,46.93,1600,46.92,2000,46.91,3200,46.9,28400,46.99,11300,47.02,2000,47.05,2400,47.1,1400,47.13,1000,HOLD
1780537663013,09:47:39,46.92,48.0,48.96,46.81,49.22,4624700.0,220200000.0,46.93,800,46.92,900,46.91,3100,46.9,29800,46.89,800,46.99,10200,47.02,2000,47.05,2400,47.1,1400,47.13,1000,HOLD
1780537666006,09:47:42,46.94,48.0,48.96,46.81,49.22,4625600.0,220240000.0,46.94,4700,46.92,900,46.91,3200,46.9,31400,46.89,800,46.99,9800,47.02,2000,47.05,2400,47.1,1400,47.13,1000,HOLD
1780537669000,09:47:45,46.96,48.0,48.96,46.81,49.22,4635600.0,220710000.0,46.95,5700,46.94,4700,46.93,300,46.92,1000,46.91,2700,47.02,2000,47.05,2400,47.1,1400,47.13,1000,47.14,900,HOLD
1780537672031,09:47:48,46.95,48.0,48.96,46.81,49.22,4636300.0,220740000.0,46.99,1400,46.95,5400,46.94,4300,46.93,400,46.92,2200,47.0,1600,47.02,2000,47.05,2400,47.1,1400,47.13,1000,HOLD
1780537675023,09:47:51,47.05,48.0,48.96,46.81,49.22,4644500.0,221130000.0,47.02,2500,47.0,1000,46.96,200,46.95,4600,46.94,3500,47.05,2100,47.1,1400,47.13,1000,47.14,900,47.16,100,HOLD
1780537678013,09:47:54,47.02,48.0,48.96,46.81,49.22,4647300.0,221260000.0,47.02,600,47.0,1000,46.96,2500,46.95,4700,46.94,3500,47.04,200,47.05,2100,47.1,1400,47.14,900,47.16,100,HOLD
1780537681033,09:47:57,47.0,48.0,48.96,46.81,49.22,4648600.0,221320000.0,47.0,700,46.96,2500,46.95,4700,46.94,2700,46.93,500,47.01,300,47.02,1000,47.04,200,47.05,2100,47.1,1400,HOLD
1780537684060,09:48:00,47.0,48.0,48.96,46.81,49.22,4650000.0,221380000.0,46.96,2500,46.95,4700,46.94,2700,46.93,600,46.92,2700,47.0,6900,47.01,200,47.02,1300,47.04,200,47.1,1400,HOLD
1780537687058,09:48:03,47.0,48.0,48.96,46.81,49.22,4661500.0,221920000.0,47.0,19800,46.97,100,46.96,300,46.95,5300,46.94,2700,47.01,200,47.02,1300,47.04,200,47.1,1400,47.14,900,HOLD
1780537690047,09:48:06,47.05,48.0,48.96,46.81,49.22,4667200.0,222190000.0,47.05,600,47.04,1300,47.01,3000,47.0,16900,46.97,100,47.1,1400,47.14,900,47.19,300,47.2,500,47.21,11900,HOLD
1780537693052,09:48:09,47.1,48.0,48.96,46.81,49.22,4668900.0,222270000.0,47.07,100,47.06,800,47.05,400,47.01,2700,47.0,24900,47.14,900,47.19,300,47.2,500,47.21,11900,47.29,300,HOLD
1780537696067,09:48:12,47.09,48.0,48.96,46.81,49.22,4670300.0,222340000.0,47.1,100,47.09,9200,47.07,5600,47.06,100,47.05,400,47.14,500,47.19,200,47.2,11500,47.21,11900,47.29,300,HOLD
1780537699082,09:48:15,47.14,48.0,48.96,46.81,49.22,4671800.0,222410000.0,47.14,1200,47.11,100,47.1,500,47.09,9200,47.08,100,47.19,200,47.2,11500,47.21,11900,47.29,300,47.3,700,HOLD
1780537702088,09:48:18,47.09,48.0,48.96,46.81,49.22,4674100.0,222520000.0,47.09,9700,47.08,100,47.07,5400,47.05,500,47.01,1300,47.18,500,47.19,400,47.2,11500,47.21,11900,47.29,300,HOLD
1780537705118,09:48:21,47.21,48.0,48.96,46.81,49.22,4704800.0,223970000.0,47.22,300,47.21,2500,47.2,1800,47.19,5100,47.18,300,47.29,300,47.3,700,47.33,100,47.38,1100,47.4,300,HOLD
1780537708139,09:48:24,47.22,48.0,48.96,46.81,49.22,4706200.0,224030000.0,47.22,1700,47.21,2500,47.19,5600,47.18,300,47.1,1600,47.29,300,47.3,700,47.33,100,47.38,1100,47.4,300,HOLD
1780537711125,09:48:27,47.22,48.0,48.96,46.81,49.22,4707100.0,224070000.0,47.22,1400,47.21,2500,47.2,100,47.19,5600,47.18,300,47.3,700,47.33,300,47.38,1100,47.4,300,47.43,1000,HOLD
1780537714143,09:48:30,47.22,48.0,48.96,46.81,49.22,4708800.0,224160000.0,47.22,1000,47.21,2500,47.2,100,47.19,5600,47.18,400,47.3,1700,47.33,300,47.38,1100,47.4,1300,47.43,1000,HOLD
1780537717145,09:48:33,47.3,48.0,48.96,46.81,49.22,4717900.0,224590000.0,47.21,2000,47.19,5600,47.18,400,47.14,300,47.1,1800,47.3,1000,47.33,300,47.38,1100,47.4,1300,47.43,1000,HOLD
1780537720165,09:48:36,47.29,48.0,48.96,46.81,49.22,4722000.0,224780000.0,47.23,7200,47.21,400,47.2,200,47.19,5600,47.18,2100,47.29,300,47.3,4400,47.33,300,47.38,1100,47.4,1300,HOLD
1780537723168,09:48:39,47.21,48.0,48.96,46.81,49.22,4726300.0,224980000.0,47.21,900,47.2,700,47.19,5600,47.18,2100,47.17,1000,47.22,100,47.23,100,47.25,200,47.26,2700,47.27,1700,HOLD
1780537726166,09:48:42,47.22,48.0,48.96,46.81,49.22,4729500.0,225130000.0,47.21,100,47.2,400,47.19,5600,47.18,2100,47.17,1000,47.22,200,47.23,100,47.26,2700,47.27,1700,47.28,24200,HOLD
1780537729187,09:48:45,47.2,48.0,48.96,46.81,49.22,4732000.0,225250000.0,47.19,4000,47.18,2100,47.17,4200,47.14,600,47.1,300,47.2,20600,47.21,1100,47.22,200,47.23,100,47.25,100,HOLD
1780537732203,09:48:48,47.21,48.0,48.96,46.81,49.22,4757300.0,226450000.0,47.21,400,47.2,700,47.19,1100,47.18,2100,47.17,4200,47.23,100,47.29,200,47.3,5400,47.33,300,47.38,1100,HOLD
1780537735206,09:48:51,47.21,48.0,48.96,46.81,49.22,4760500.0,226600000.0,47.2,200,47.19,900,47.18,2200,47.17,4200,47.14,600,47.21,2400,47.22,700,47.23,100,47.29,200,47.3,5400,HOLD
1780537738203,09:48:54,47.2,48.0,48.96,46.81,49.22,4769400.0,227020000.0,47.2,4300,47.19,700,47.18,2200,47.17,4200,47.15,300,47.21,900,47.22,700,47.23,100,47.29,300,47.3,5400,HOLD
1780537741220,09:48:57,47.19,48.0,48.96,46.81,49.22,4778700.0,227460000.0,47.17,2700,47.15,300,47.14,600,47.12,200,47.1,800,47.19,300,47.2,100,47.21,700,47.22,700,47.23,100,HOLD
1780537744225,09:49:00,47.17,48.0,48.96,46.81,49.22,4783300.0,227670000.0,47.15,300,47.14,600,47.12,200,47.1,800,47.08,100,47.17,3000,47.18,2800,47.19,200,47.2,39500,47.21,700,HOLD
1780537747238,09:49:03,47.18,48.0,48.96,46.81,49.22,4790600.0,228020000.0,47.12,300,47.11,300,47.1,800,47.08,100,47.05,100,47.17,1000,47.18,600,47.19,200,47.2,39500,47.21,700,HOLD
1780537750264,09:49:06,47.12,48.0,48.96,46.81,49.22,4795000.0,228220000.0,47.01,500,47.0,14300,46.96,800,46.95,2200,46.93,600,47.12,900,47.17,1100,47.18,600,47.19,200,47.2,39500,HOLD
1780537753245,09:49:09,47.12,48.0,48.96,46.81,49.22,4797300.0,228330000.0,47.08,100,47.07,1900,47.04,4600,47.01,300,47.0,14300,47.1,200,47.12,1200,47.14,2600,47.15,1500,47.16,1100,HOLD
1780537756283,09:49:12,47.08,48.0,48.96,46.81,49.22,4797600.0,228350000.0,47.07,1900,47.04,4600,47.02,400,47.01,400,47.0,34600,47.08,100,47.12,1700,47.14,2600,47.15,1500,47.16,1100,HOLD
1780537759292,09:49:15,47.06,48.0,48.96,46.81,49.22,4801900.0,228550000.0,47.04,3600,47.02,500,47.01,1400,47.0,34600,46.96,800,47.06,100,47.07,1200,47.12,1700,47.14,2600,47.15,1500,HOLD
1780537762280,09:49:18,47.06,48.0,48.96,46.81,49.22,4802300.0,228570000.0,47.06,700,47.04,3400,47.02,500,47.01,1800,47.0,34600,47.07,2200,47.12,1700,47.14,2600,47.15,1500,47.16,1100,HOLD
1780537765298,09:49:21,47.0,48.0,48.96,46.81,49.22,4818000.0,229310000.0,47.0,27000,46.96,1000,46.95,2200,46.93,600,46.92,1900,47.06,1300,47.07,1400,47.1,500,47.12,1700,47.14,2600,HOLD
1780537769375,09:49:24,47.0,48.0,48.96,46.81,49.22,4826700.0,229710000.0,47.06,100,47.0,21700,46.96,1000,46.95,2200,46.93,600,47.1,500,47.12,1200,47.14,2600,47.15,1100,47.16,1100,HOLD
1780537771350,09:49:27,47.06,48.0,48.96,46.81,49.22,4833000.0,230010000.0,47.07,1400,47.02,300,47.01,200,47.0,21000,46.96,1000,47.14,1700,47.15,1100,47.16,1100,47.17,1800,47.18,600,HOLD
1780537774321,09:49:30,47.14,48.0,48.96,46.81,49.22,4835000.0,230110000.0,47.12,300,47.11,1000,47.1,100,47.08,400,47.07,300,47.14,400,47.15,1100,47.16,1100,47.17,1600,47.18,600,HOLD
1780537777342,09:49:33,47.11,48.0,48.96,46.81,49.22,4837500.0,230220000.0,47.03,600,47.02,300,47.01,600,47.0,27700,46.99,100,47.11,4200,47.14,400,47.15,1100,47.16,1100,47.17,1600,HOLD
1780537780409,09:49:36,47.16,48.0,48.96,46.81,49.22,4847400.0,230690000.0,47.16,100,47.15,400,47.14,5200,47.11,6300,47.1,200,47.17,1600,47.18,600,47.2,1600,47.21,1200,47.25,1500,HOLD
1780537783378,09:49:39,47.2,48.0,48.96,46.81,49.22,4851700.0,230890000.0,47.2,3700,47.14,3700,47.1,300,47.06,200,47.03,1800,47.21,1200,47.25,1500,47.29,200,47.3,4100,47.33,300,HOLD
1780537786368,09:49:42,47.2,48.0,48.96,46.81,49.22,4853800.0,230990000.0,47.2,1800,47.16,200,47.14,3500,47.11,400,47.1,300,47.21,1200,47.25,1500,47.29,200,47.3,4100,47.33,300,HOLD
1780537789398,09:49:45,47.14,48.0,48.96,46.81,49.22,4893300.0,232850000.0,47.17,300,47.16,1000,47.15,700,47.14,10700,47.12,100,47.2,200,47.25,2100,47.29,200,47.3,4100,47.33,300,HOLD
1780537792431,09:49:48,47.21,48.0,48.96,46.81,49.22,4895700.0,232970000.0,47.21,2300,47.2,100,47.17,100,47.16,100,47.15,1200,47.25,2100,47.29,200,47.3,4100,47.33,300,47.34,1100,HOLD
1780537795398,09:49:51,47.15,48.0,48.96,46.81,49.22,4899500.0,233150000.0,47.15,1000,47.14,11000,47.11,400,47.1,400,47.06,200,47.19,1200,47.21,200,47.25,2100,47.29,200,47.3,4100,HOLD
1780537798406,09:49:54,47.21,48.0,48.96,46.81,49.22,4901600.0,233250000.0,47.21,3000,47.2,200,47.16,200,47.15,600,47.14,11000,47.25,2400,47.29,200,47.3,4100,47.33,300,47.34,1100,HOLD
1780537801413,09:49:57,47.21,48.0,48.96,46.81,49.22,4903900.0,233350000.0,47.21,2000,47.2,200,47.19,500,47.16,200,47.15,900,47.22,200,47.23,200,47.24,500,47.25,2400,47.29,200,HOLD
1780537804443,09:50:00,47.22,48.0,48.96,46.81,49.22,4924300.0,234320000.0,47.22,3600,47.16,2200,47.14,1800,47.11,600,47.1,500,47.28,200,47.29,300,47.3,4100,47.33,300,47.34,1100,HOLD
1780537807432,09:50:03,47.2,48.0,48.96,46.81,49.22,4934100.0,234780000.0,47.22,1600,47.2,13200,47.19,1900,47.16,2200,47.14,500,47.28,1100,47.29,300,47.3,4100,47.33,300,47.34,1100,HOLD
1780537810479,09:50:06,47.14,48.0,48.96,46.81,49.22,4958400.0,235930000.0,47.11,600,47.1,500,47.06,500,47.03,7400,47.02,300,47.2,1400,47.22,900,47.27,300,47.28,1100,47.29,300,HOLD
1780537813448,09:50:09,47.1,48.0,48.96,46.81,49.22,4960200.0,236010000.0,47.11,100,47.1,300,47.06,400,47.03,7400,47.02,300,47.14,4400,47.2,700,47.22,900,47.27,300,47.28,1100,HOLD
1780537816469,09:50:12,47.03,48.0,48.96,46.81,49.22,4962100.0,236100000.0,47.03,6700,47.02,300,47.01,1000,47.0,23800,46.99,200,47.11,400,47.14,4400,47.2,700,47.22,900,47.27,300,HOLD
1780537819454,09:50:15,47.1,48.0,48.96,46.81,49.22,4963200.0,236150000.0,47.04,400,47.03,6700,47.02,300,47.01,1000,47.0,23800,47.1,500,47.11,500,47.14,4400,47.2,500,47.22,900,HOLD
1780537822466,09:50:18,47.14,48.0,48.96,46.81,49.22,4966000.0,236280000.0,47.08,1100,47.04,300,47.03,7000,47.02,300,47.01,1000,47.14,3100,47.2,500,47.22,900,47.27,300,47.28,1100,HOLD
1780537825476,09:50:21,47.14,48.0,48.96,46.81,49.22,4972800.0,236610000.0,47.15,1100,47.14,1500,47.13,800,47.12,400,47.11,600,47.2,500,47.22,900,47.27,300,47.28,800,47.29,300,HOLD
1780537828504,09:50:24,47.15,48.0,48.96,46.81,49.22,4973600.0,236640000.0,47.16,100,47.15,1000,47.14,1500,47.13,800,47.11,600,47.2,600,47.27,300,47.28,700,47.29,300,47.3,4100,HOLD
1780537831503,09:50:27,47.15,48.0,48.96,46.81,49.22,4975700.0,236740000.0,47.14,1300,47.13,800,47.11,600,47.1,3000,47.08,1300,47.15,1300,47.2,600,47.27,300,47.28,700,47.29,300,HOLD
1780537834507,09:50:30,47.15,48.0,48.96,46.81,49.22,4976700.0,236790000.0,47.14,700,47.13,800,47.11,600,47.1,3000,47.08,1300,47.15,1500,47.16,100,47.2,600,47.27,300,47.28,400,HOLD
1780537837503,09:50:33,47.15,48.0,48.96,46.81,49.22,4979100.0,236900000.0,47.16,1500,47.15,1200,47.14,900,47.12,800,47.11,600,47.2,600,47.27,300,47.28,400,47.29,300,47.3,4100,HOLD
1780537840514,09:50:36,47.16,48.0,48.96,46.81,49.22,4980800.0,236980000.0,47.15,6100,47.14,800,47.12,800,47.11,600,47.1,3000,47.16,2400,47.2,700,47.28,400,47.29,300,47.3,4100,HOLD
1780537843559,09:50:39,47.16,48.0,48.96,46.81,49.22,4984700.0,237170000.0,47.16,100,47.15,4700,47.14,800,47.12,800,47.11,600,47.2,700,47.28,400,47.29,300,47.3,4100,47.33,400,HOLD
1780537846544,09:50:42,47.2,48.0,48.96,46.81,49.22,4985900.0,237220000.0,47.19,2700,47.17,11000,47.16,1000,47.15,4800,47.14,900,47.26,1000,47.27,1700,47.28,400,47.29,300,47.3,4100,HOLD
1780537849550,09:50:45,47.27,48.0,48.96,46.81,49.22,4988300.0,237340000.0,47.26,2600,47.24,1400,47.23,300,47.2,500,47.19,800,47.27,400,47.28,4300,47.29,300,47.3,4100,47.33,300,HOLD
1780537852546,09:50:48,47.28,48.0,48.96,46.81,49.22,4992800.0,237550000.0,47.27,1900,47.26,4200,47.24,300,47.2,1500,47.18,100,47.28,800,47.29,300,47.3,4100,47.33,300,47.34,1100,HOLD
1780537855574,09:50:51,47.26,48.0,48.96,46.81,49.22,4995600.0,237680000.0,47.26,3800,47.24,300,47.2,1500,47.18,100,47.16,800,47.27,200,47.28,800,47.29,300,47.3,4100,47.33,300,HOLD
1780537858571,09:50:54,47.25,48.0,48.96,46.81,49.22,5004400.0,238100000.0,47.2,300,47.18,100,47.16,800,47.15,2300,47.14,1000,47.26,6000,47.27,1200,47.28,800,47.29,300,47.3,4100,HOLD
1780537861589,09:50:57,47.29,48.0,48.96,46.81,49.22,5016300.0,238660000.0,47.17,100,47.16,500,47.15,2200,47.14,1000,47.11,600,47.3,4100,47.33,300,47.34,1100,47.35,100,47.38,1300,HOLD
1780537864655,09:51:00,47.14,48.0,48.96,46.81,49.22,5025800.0,239110000.0,47.13,800,47.11,600,47.1,2800,47.09,100,47.08,200,47.14,700,47.17,1500,47.29,1000,47.3,4100,47.33,300,HOLD
1780537867590,09:51:03,47.11,48.0,48.96,46.81,49.22,5027700.0,239200000.0,47.11,500,47.1,2800,47.09,100,47.08,200,47.07,400,47.17,1400,47.2,800,47.29,1000,47.3,4100,47.33,300,HOLD
1780537870629,09:51:06,47.11,48.0,48.96,46.81,49.22,5030900.0,239350000.0,47.14,300,47.1,2300,47.09,100,47.08,200,47.07,400,47.16,100,47.17,2000,47.2,800,47.29,1000,47.3,5100,HOLD
1780537873612,09:51:12,47.2,48.0,48.96,46.81,49.22,5034900.0,239540000.0,47.17,2000,47.16,7500,47.13,500,47.11,2600,47.1,3700,47.2,500,47.29,1100,47.3,5200,47.33,300,47.34,1100,HOLD
1780537879678,09:51:18,47.2,48.0,48.96,46.81,49.22,5043200.0,239930000.0,47.18,200,47.17,2300,47.16,7500,47.13,100,47.11,7300,47.28,2500,47.29,1400,47.3,5200,47.33,300,47.34,1100,HOLD
1780537882659,09:51:21,47.17,48.0,48.96,46.81,49.22,5045500.0,240040000.0,47.17,1400,47.16,7500,47.13,100,47.11,7300,47.1,3700,47.18,1100,47.27,200,47.28,3000,47.29,1400,47.3,5200,HOLD
1780537888706,09:51:24,47.16,48.0,48.96,46.81,49.22,5060300.0,240730000.0,47.11,2400,47.1,5200,47.09,100,47.08,500,47.07,400,47.16,500,47.17,3000,47.18,1500,47.27,200,47.28,2900,HOLD
1780537891699,09:51:30,47.15,48.0,48.96,46.81,49.22,5066100.0,241010000.0,47.1,3900,47.09,100,47.08,500,47.07,500,47.06,1200,47.15,2500,47.16,900,47.17,3000,47.18,1400,47.27,200,HOLD
1780537897699,09:51:33,47.07,48.0,48.96,46.81,49.22,5071900.0,241280000.0,47.06,1200,47.05,100,47.03,7200,47.02,500,47.01,3800,47.07,800,47.08,1300,47.09,200,47.14,200,47.15,2500,HOLD
1780537900728,09:51:36,47.05,48.0,48.96,46.81,49.22,5075700.0,241460000.0,47.03,6800,47.02,500,47.01,3800,47.0,37500,46.99,200,47.06,1000,47.07,1500,47.08,1300,47.09,200,47.11,500,HOLD
1780537903876,09:51:39,47.03,48.0,48.96,46.81,49.22,5079000.0,241620000.0,47.03,3700,47.02,500,47.01,3800,47.0,37500,46.99,200,47.06,1000,47.07,1400,47.08,1300,47.09,200,47.11,500,HOLD
1780537906737,09:51:42,47.04,48.0,48.96,46.81,49.22,5079900.0,241660000.0,47.03,4100,47.02,500,47.01,3800,47.0,37500,46.99,200,47.06,800,47.07,1400,47.08,1300,47.09,200,47.11,500,HOLD
1780537909742,09:51:45,47.04,48.0,48.96,46.81,49.22,5080300.0,241680000.0,47.03,4000,47.02,500,47.01,3800,47.0,38500,46.99,200,47.04,200,47.05,100,47.06,1100,47.07,1400,47.08,1300,HOLD
1780537912754,09:51:48,47.04,48.0,48.96,46.81,49.22,5081800.0,241750000.0,47.03,2800,47.02,500,47.01,3800,47.0,38500,46.99,200,47.04,1400,47.05,100,47.06,1000,47.07,1400,47.08,1300,HOLD
1780537915733,09:51:51,47.04,48.0,48.96,46.81,49.22,5088200.0,242050000.0,47.04,300,47.03,100,47.01,2700,47.0,38500,46.99,200,47.05,100,47.06,900,47.07,1900,47.08,1300,47.09,200,HOLD
1780537918750,09:51:54,47.02,48.0,48.96,46.81,49.22,5089500.0,242110000.0,47.04,500,47.03,300,47.02,500,47.01,3000,47.0,38800,47.06,200,47.07,1900,47.08,1300,47.09,200,47.14,100,HOLD
1780537921753,09:51:57,47.05,48.0,48.96,46.81,49.22,5090200.0,242140000.0,47.04,2100,47.03,200,47.02,200,47.01,3000,47.0,38800,47.07,1900,47.08,1300,47.09,200,47.14,100,47.15,2500,HOLD
1780537924791,09:52:00,47.01,48.0,48.96,46.81,49.22,5095700.0,242400000.0,47.01,200,47.0,38800,46.99,200,46.97,6800,46.96,1400,47.03,12900,47.04,1400,47.06,12300,47.07,3100,47.08,1300,HOLD
1780537927774,09:52:03,46.99,48.0,48.96,46.81,49.22,5138500.0,244410000.0,46.97,5500,46.96,1400,46.95,400,46.93,500,46.92,3100,46.99,6000,47.0,7000,47.01,1000,47.02,400,47.03,500,HOLD
1780537930795,09:52:09,46.92,48.0,48.96,46.81,49.22,5151200.0,245010000.0,46.92,200,46.91,4100,46.9,18100,46.88,2200,46.87,2200,46.94,1800,46.95,1300,46.96,1000,46.97,1900,46.98,3100,HOLD
1780537933814,09:52:12,46.92,48.0,48.96,46.81,49.22,5164300.0,245620000.0,46.92,9900,46.91,100,46.9,17700,46.88,2200,46.87,2300,46.95,200,46.96,100,46.98,2100,46.99,6000,47.0,5700,HOLD
1780537939939,09:52:15,46.93,48.0,48.96,46.81,49.22,5165000.0,245660000.0,46.92,10300,46.91,100,46.9,17500,46.88,2200,46.87,2300,46.94,100,46.95,200,46.96,100,46.98,2100,46.99,6000,HOLD
1780537942835,09:52:18,46.93,48.0,48.96,46.81,49.22,5167600.0,245780000.0,46.94,3000,46.93,300,46.92,10400,46.91,100,46.9,17700,46.95,100,46.96,100,46.98,2100,46.99,6000,47.0,5700,HOLD
1780537945845,09:52:21,46.98,48.0,48.96,46.81,49.22,5171400.0,245960000.0,46.94,800,46.93,500,46.92,10700,46.91,100,46.9,20000,46.98,1000,46.99,6000,47.0,5700,47.01,700,47.02,400,HOLD
1780537948889,09:52:24,46.94,48.0,48.96,46.81,49.22,5174400.0,246100000.0,46.93,1400,46.92,10700,46.91,300,46.9,20000,46.88,2900,46.94,1200,46.98,1100,46.99,6000,47.0,5700,47.01,700,HOLD
1780537951867,09:52:27,46.99,48.0,48.96,46.81,49.22,5178900.0,246310000.0,46.95,100,46.94,100,46.93,1000,46.92,10900,46.91,300,46.99,5600,47.0,5700,47.01,700,47.02,400,47.03,400,HOLD
1780537954866,09:52:30,46.99,48.0,48.96,46.81,49.22,5179800.0,246350000.0,46.94,1200,46.93,800,46.92,12000,46.91,300,46.9,21000,46.95,100,46.99,5400,47.0,5700,47.01,700,47.02,200,HOLD
1780537957908,09:52:33,46.93,48.0,48.96,46.81,49.22,5184000.0,246550000.0,46.92,11700,46.91,300,46.9,21000,46.88,3300,46.87,2300,46.93,2200,46.95,600,46.99,5500,47.0,5700,47.01,700,HOLD
1780537960905,09:52:36,46.93,48.0,48.96,46.81,49.22,5190100.0,246830000.0,46.92,6400,46.91,300,46.9,21000,46.88,3500,46.87,2300,46.93,1600,46.95,400,46.99,6000,47.0,5700,47.01,700,HOLD
1780537963896,09:52:39,46.93,48.0,48.96,46.81,49.22,5191700.0,246910000.0,46.92,5800,46.91,1100,46.9,21000,46.88,3500,46.87,2300,46.93,700,46.94,200,46.95,400,46.99,5900,47.0,5700,HOLD
1780537966907,09:52:42,46.92,48.0,48.96,46.81,49.22,5192400.0,246940000.0,46.92,5300,46.91,1100,46.9,21000,46.88,3500,46.87,2300,46.93,1400,46.94,200,46.95,400,46.99,5900,47.0,5700,HOLD
1780537969915,09:52:45,46.93,48.0,48.96,46.81,49.22,5194600.0,247050000.0,46.92,4500,46.91,1100,46.9,21500,46.88,3500,46.87,2300,46.94,200,46.95,400,46.99,5900,47.0,5700,47.01,700,HOLD
1780537972930,09:52:48,46.93,48.0,48.96,46.81,49.22,5195400.0,247080000.0,46.93,300,46.92,4500,46.91,1400,46.9,21500,46.88,3500,46.94,400,46.95,400,46.99,5900,47.0,5700,47.01,700,HOLD
1780537975968,09:52:51,46.92,48.0,48.96,46.81,49.22,5203200.0,247450000.0,46.91,1100,46.9,22500,46.88,3500,46.87,2300,46.86,2300,46.92,1800,46.93,8200,46.94,400,46.95,400,46.99,5900,HOLD
1780537979208,09:52:54,46.92,48.0,48.96,46.81,49.22,5205300.0,247550000.0,46.91,1000,46.9,22500,46.88,4000,46.87,2300,46.86,2300,46.92,4700,46.93,8200,46.94,400,46.95,400,46.99,5900,HOLD
1780537981951,09:53:00,46.91,48.0,48.96,46.81,49.22,5212600.0,247890000.0,46.9,18400,46.88,4000,46.87,3300,46.86,2600,46.85,5100,46.91,7800,46.92,3500,46.93,1700,46.94,400,46.95,400,HOLD
1780537987965,09:53:03,46.91,48.0,48.96,46.81,49.22,5215100.0,248010000.0,46.9,18200,46.88,4000,46.87,3300,46.86,2600,46.85,5100,46.91,6000,46.92,3500,46.93,1700,46.94,400,46.95,400,HOLD
1780537990986,09:53:09,46.98,48.0,48.96,46.81,49.22,5238700.0,249110000.0,46.98,2000,46.95,200,46.93,1300,46.92,200,46.91,8900,47.01,1100,47.02,200,47.07,200,47.08,1300,47.18,500,HOLD
1780537997099,09:53:12,46.98,48.0,48.96,46.81,49.22,5240000.0,249180000.0,46.99,100,46.98,1200,46.95,200,46.93,1300,46.92,200,47.01,2300,47.02,200,47.06,1000,47.07,400,47.08,1300,HOLD
1780538000004,09:53:18,46.99,48.0,48.96,46.81,49.22,5243500.0,249340000.0,46.98,400,46.95,200,46.93,1300,46.92,100,46.91,9200,46.99,700,47.01,2500,47.02,200,47.06,1000,47.07,400,HOLD
1780538003011,09:53:21,46.98,48.0,48.96,46.81,49.22,5245800.0,249450000.0,46.96,300,46.94,700,46.93,400,46.92,200,46.91,9800,46.98,200,46.99,700,47.01,2500,47.02,200,47.06,1000,HOLD
1780538009037,09:53:24,47.01,48.0,48.96,46.81,49.22,5247600.0,249530000.0,47.0,300,46.99,8600,46.98,300,46.96,400,46.94,700,47.01,1900,47.02,200,47.06,1000,47.07,400,47.08,1300,HOLD
1780538012074,09:53:30,46.96,48.0,48.96,46.81,49.22,5308600.0,252400000.0,47.0,600,46.99,400,46.98,100,46.96,43900,46.95,300,47.13,800,47.14,6300,47.15,2500,47.16,300,47.17,1200,HOLD
1780538018049,09:53:33,46.96,48.0,48.96,46.81,49.22,5313400.0,252620000.0,47.0,500,46.99,700,46.97,800,46.96,27300,46.95,300,47.11,400,47.12,100,47.13,1000,47.14,6300,47.15,2500,HOLD
1780538021054,09:53:36,46.97,48.0,48.96,46.81,49.22,5316300.0,252760000.0,46.97,500,46.96,28100,46.95,300,46.92,3200,46.91,9400,46.99,500,47.0,1900,47.08,13300,47.1,2200,47.11,900,HOLD
1780538024052,09:53:39,46.98,48.0,48.96,46.81,49.22,5318400.0,252860000.0,46.97,300,46.96,28100,46.95,300,46.92,3200,46.91,9400,46.98,900,46.99,700,47.0,2000,47.08,13300,47.1,2200,HOLD
1780538027071,09:53:42,46.96,48.0,48.96,46.81,49.22,5334700.0,253630000.0,46.95,2300,46.92,3200,46.91,9400,46.9,24700,46.88,14900,46.98,1000,46.99,700,47.0,1800,47.08,13300,47.1,2200,HOLD
1780538030200,09:53:48,46.97,48.0,48.96,46.81,49.22,5336100.0,253690000.0,46.96,1700,46.95,3200,46.92,3200,46.91,11400,46.9,24700,46.97,500,46.98,700,46.99,600,47.0,1800,47.08,13300,HOLD
1780538036102,09:53:51,46.93,48.0,48.96,46.81,49.22,5341400.0,253940000.0,46.92,3200,46.91,11400,46.9,24500,46.88,14900,46.87,2600,46.95,400,46.96,1600,46.97,500,46.98,500,46.99,600,HOLD
1780538039126,09:53:57,46.93,48.0,48.96,46.81,49.22,5344400.0,254080000.0,46.92,1400,46.91,11400,46.9,24300,46.89,300,46.88,14900,46.94,200,46.95,600,46.96,1400,46.97,500,46.98,400,HOLD
1780538042129,09:54:00,46.92,48.0,48.96,46.81,49.22,5346700.0,254190000.0,46.91,11900,46.9,24500,46.89,300,46.88,14900,46.87,2700,46.92,4600,46.94,2000,46.95,1700,46.96,1400,46.97,500,HOLD
1780538048358,09:54:03,46.91,48.0,48.96,46.81,49.22,5356900.0,254670000.0,46.91,2700,46.9,24500,46.89,300,46.88,14800,46.87,2700,46.92,4100,46.93,400,46.94,2000,46.95,1700,46.96,1400,HOLD
1780538051149,09:54:06,46.92,48.0,48.96,46.81,49.22,5364100.0,255000000.0,46.9,24800,46.89,300,46.88,14800,46.87,2700,46.86,2500,46.91,400,46.92,6100,46.93,400,46.94,2000,46.95,2200,HOLD
1780538057934,09:54:09,46.95,48.0,48.96,46.81,49.22,5375000.0,255520000.0,46.95,2600,46.94,1500,46.93,400,46.92,200,46.91,100,46.96,100,46.97,2400,46.98,400,46.99,600,47.0,400,HOLD
1780538057968,09:54:12,46.97,48.0,48.96,46.81,49.22,5378100.0,255660000.0,46.96,7500,46.95,2100,46.94,1500,46.92,200,46.91,100,46.97,1000,46.98,600,46.99,600,47.0,400,47.08,13300,HOLD
1780538081192,09:54:36,47.07,48.0,48.96,46.81,49.22,5414300.0,257370000.0,47.07,6500,47.06,1000,47.02,600,47.0,800,46.98,200,47.17,1900,47.21,200,47.26,1200,47.27,300,47.3,4100,HOLD
1780538081674,09:54:39,47.21,48.0,48.96,46.81,49.22,5421100.0,257690000.0,47.07,5800,47.06,1000,47.0,900,46.98,200,46.97,4900,47.21,700,47.24,400,47.25,400,47.26,700,47.27,300,HOLD
1780538084677,09:54:42,47.0,48.0,48.96,46.81,49.22,5437000.0,258430000.0,46.99,300,46.98,200,46.97,4900,46.96,3200,46.95,700,47.0,2000,47.07,400,47.12,200,47.13,200,47.14,5200,HOLD
1780538090684,09:54:45,46.98,48.0,48.96,46.81,49.22,5441100.0,258630000.0,46.97,4500,46.96,3200,46.95,800,46.92,600,46.91,3500,46.98,100,46.99,1300,47.0,1100,47.07,400,47.12,200,HOLD
1780538093694,09:54:48,47.0,48.0,48.96,46.81,49.22,5444100.0,258770000.0,46.97,4500,46.96,5200,46.95,800,46.92,600,46.91,3500,47.0,8900,47.07,400,47.12,200,47.13,200,47.14,5200,HOLD
1780538096696,09:54:54,46.94,48.0,48.96,46.81,49.22,5459600.0,259500000.0,46.92,300,46.91,3500,46.9,30500,46.89,400,46.88,26200,46.94,1000,46.95,1700,46.96,2100,46.97,6700,46.98,400,HOLD
1780538102714,09:55:00,46.9,48.0,48.96,46.81,49.22,5469900.0,259980000.0,46.9,28900,46.89,100,46.88,26300,46.87,2700,46.86,3400,46.91,4600,46.92,1500,46.94,700,46.95,1700,46.96,2100,HOLD
1780538105725,09:55:03,46.91,48.0,48.96,46.81,49.22,5474800.0,260210000.0,46.9,27800,46.89,100,46.88,26300,46.87,2700,46.86,3400,46.91,2300,46.92,1500,46.94,700,46.95,1700,46.96,2100,HOLD
1780538108731,09:55:06,46.91,48.0,48.96,46.81,49.22,5479800.0,260440000.0,46.9,26300,46.89,600,46.88,26400,46.87,2800,46.86,3400,46.91,2600,46.92,1500,46.94,700,46.95,1700,46.96,2100,HOLD
1780538111746,09:55:09,46.91,48.0,48.96,46.81,49.22,5481300.0,260510000.0,46.9,26400,46.89,600,46.88,26400,46.87,2800,46.86,3400,46.91,1300,46.92,1500,46.94,900,46.95,1700,46.96,2100,HOLD
1780538114752,09:55:12,46.91,48.0,48.96,46.81,49.22,5483600.0,260620000.0,46.9,25900,46.89,600,46.88,26400,46.87,2800,46.86,3400,46.91,200,46.92,1500,46.94,900,46.95,1700,46.96,2100,HOLD
1780538117762,09:55:15,46.93,48.0,48.96,46.81,49.22,5538300.0,263190000.0,46.93,1200,46.91,300,46.89,200,46.88,10600,46.87,2800,46.94,100,46.95,100,46.97,1200,46.98,400,46.99,800,HOLD
1780538120766,09:55:18,46.91,48.0,48.96,46.81,49.22,5540500.0,263290000.0,46.91,800,46.89,200,46.88,10300,46.87,2800,46.86,13400,46.92,900,46.93,3800,46.94,100,46.95,100,46.97,1200,HOLD
1780538123783,09:55:21,46.92,48.0,48.96,46.81,49.22,5545200.0,263510000.0,46.91,800,46.89,1300,46.88,9900,46.87,2800,46.86,13400,46.92,500,46.93,11200,46.94,100,46.95,100,46.97,1200,HOLD
1780538126786,09:55:24,46.92,48.0,48.96,46.81,49.22,5547800.0,263630000.0,46.92,800,46.91,600,46.9,3800,46.89,1000,46.88,10900,46.93,4900,46.94,100,46.97,1200,46.98,400,46.99,100,HOLD
1780538132797,09:55:30,46.93,48.0,48.96,46.81,49.22,5554400.0,263940000.0,46.92,700,46.91,100,46.9,5200,46.89,1000,46.88,10900,46.93,2300,46.94,100,46.97,1200,46.98,400,46.99,100,HOLD
1780538135800,09:55:33,46.92,48.0,48.96,46.81,49.22,5556400.0,264040000.0,46.91,1000,46.9,4600,46.89,3400,46.88,10900,46.87,2800,46.93,2300,46.94,100,46.97,1200,46.98,400,46.99,100,HOLD
1780538138809,09:55:36,46.93,48.0,48.96,46.81,49.22,5559900.0,264200000.0,46.91,100,46.9,4900,46.89,3400,46.88,10900,46.87,2800,46.93,2100,46.94,100,46.97,1200,46.98,400,46.99,100,HOLD
1780538144827,09:55:42,46.88,48.0,48.96,46.81,49.22,5591600.0,265690000.0,46.87,2800,46.86,14400,46.85,7500,46.84,200,46.83,1600,46.88,300,46.89,10300,46.9,10300,46.91,6300,46.92,5500,HOLD
1780538147833,09:55:45,46.86,48.0,48.96,46.81,49.22,5612400.0,266660000.0,46.85,4000,46.84,200,46.83,1600,46.82,2500,46.81,8600,46.86,1500,46.87,2400,46.88,1000,46.89,10300,46.9,10500,HOLD
1780538150844,09:55:48,46.84,48.0,48.96,46.81,49.22,5618300.0,266940000.0,46.83,1100,46.82,2500,46.81,8600,46.8,28300,46.78,2300,46.84,3600,46.85,1300,46.86,1600,46.87,2400,46.88,1000,HOLD
1780538153853,09:55:51,46.81,48.0,48.96,46.81,49.22,5625200.0,267260000.0,46.81,7800,46.8,28100,46.78,2300,46.77,300,46.76,1300,46.82,22000,46.83,1100,46.84,4100,46.85,1700,46.86,1600,HOLD
1780538156863,09:55:54,46.82,48.0,48.96,46.81,49.22,5626600.0,267330000.0,46.81,8800,46.8,28100,46.78,2300,46.77,300,46.76,1300,46.82,21700,46.83,1100,46.84,4100,46.85,2600,46.86,1500,HOLD
1780538159874,09:55:57,46.8,48.0,48.96,46.8,49.22,5665300.0,269140000.0,46.78,2300,46.77,300,46.76,1300,46.75,5300,46.73,400,46.8,1200,46.82,21300,46.83,1300,46.84,3900,46.85,2200,HOLD
1780538162885,09:56:00,46.8,48.0,48.96,46.75,49.22,5697200.0,270630000.0,46.75,2000,46.73,400,46.72,300,46.71,5300,46.7,5600,46.8,300,46.81,2800,46.82,23100,46.83,1200,46.84,3800,HOLD
1780538165899,09:56:03,46.73,48.0,48.96,46.73,49.22,5704900.0,270990000.0,46.72,300,46.71,5300,46.7,5600,46.69,300,46.68,4600,46.77,11700,46.79,600,46.8,500,46.81,2800,46.82,23100,HOLD
1780538168901,09:56:06,46.73,48.0,48.96,46.71,49.22,5708900.0,271180000.0,46.71,4900,46.7,6300,46.69,300,46.68,4600,46.67,2100,46.73,2000,46.76,200,46.77,11900,46.79,600,46.8,400,HOLD
1780538171905,09:56:09,46.73,48.0,48.96,46.71,49.22,5713200.0,271380000.0,46.75,100,46.74,400,46.73,4300,46.71,5600,46.7,6300,46.76,100,46.77,11800,46.79,500,46.8,300,46.81,2800,HOLD
1780538174912,09:56:12,46.77,48.0,48.96,46.7,49.22,5735900.0,272440000.0,46.71,200,46.7,300,46.69,1300,46.68,5200,46.67,2100,46.77,9300,46.79,500,46.8,300,46.81,2800,46.82,21900,HOLD
1780538177925,09:56:15,46.73,48.0,48.96,46.7,49.22,5738700.0,272570000.0,46.73,3900,46.72,2500,46.71,1700,46.7,1400,46.69,400,46.76,100,46.77,9200,46.79,500,46.8,300,46.81,2800,HOLD
1780538180932,09:56:18,46.77,48.0,48.96,46.7,49.22,5751400.0,273160000.0,46.76,400,46.74,200,46.73,4200,46.72,2500,46.71,2600,46.77,2800,46.79,500,46.8,300,46.81,2800,46.82,21900,HOLD
1780538183938,09:56:21,46.76,48.0,48.96,46.7,49.22,5755800.0,273370000.0,46.73,1200,46.72,2500,46.71,2700,46.7,1500,46.69,400,46.76,800,46.77,2800,46.79,500,46.8,300,46.81,2800,HOLD
1780538186943,09:56:24,46.75,48.0,48.96,46.7,49.22,5756300.0,273390000.0,46.74,200,46.73,1600,46.72,3000,46.71,2800,46.7,2100,46.75,700,46.76,2600,46.77,2200,46.79,400,46.8,300,HOLD
1780538189945,09:56:27,46.75,48.0,48.96,46.7,49.22,5760200.0,273570000.0,46.74,100,46.72,3800,46.71,2800,46.7,2800,46.69,400,46.75,700,46.76,3000,46.77,2200,46.79,400,46.8,300,HOLD
1780538192954,09:56:30,46.77,48.0,48.96,46.7,49.22,5766000.0,273850000.0,46.76,1700,46.75,2000,46.74,600,46.73,2300,46.72,3400,46.77,1700,46.79,400,46.8,300,46.81,2800,46.82,21900,HOLD
1780538195966,09:56:33,46.77,48.0,48.96,46.7,49.22,5771900.0,274120000.0,46.76,500,46.75,500,46.74,500,46.73,2300,46.72,3400,46.77,1800,46.79,400,46.8,300,46.81,2800,46.82,21900,HOLD
1780538198972,09:56:36,46.73,48.0,48.96,46.7,49.22,5775500.0,274290000.0,46.73,2300,46.72,3400,46.71,2900,46.7,4500,46.69,600,46.74,200,46.76,2100,46.77,1800,46.79,400,46.8,300,HOLD
1780538201979,09:56:39,46.76,48.0,48.96,46.7,49.22,5776900.0,274360000.0,46.75,3100,46.74,1100,46.73,3100,46.72,3400,46.71,3000,46.76,4000,46.77,1800,46.79,400,46.8,300,46.81,2800,HOLD
1780538207313,09:56:42,46.75,48.0,48.96,46.7,49.22,5777800.0,274400000.0,46.75,2700,46.74,2000,46.73,3600,46.72,3400,46.71,3000,46.76,4500,46.77,2700,46.79,900,46.8,300,46.81,2800,HOLD
1780538207992,09:56:45,46.75,48.0,48.96,46.7,49.22,5779400.0,274470000.0,46.75,1400,46.74,3100,46.73,4900,46.72,3400,46.71,3000,46.76,4800,46.77,2700,46.79,900,46.8,300,46.81,2800,HOLD
1780538211003,09:56:48,46.75,48.0,48.96,46.7,49.22,5781600.0,274580000.0,46.74,3200,46.73,4200,46.72,3400,46.71,3000,46.7,5300,46.76,3900,46.77,2700,46.79,900,46.8,300,46.81,2800,HOLD
1780538214014,09:56:51,46.74,48.0,48.96,46.7,49.22,5785100.0,274740000.0,46.73,4200,46.72,3400,46.71,3000,46.7,5400,46.69,700,46.75,3000,46.76,3900,46.77,2700,46.79,900,46.8,300,HOLD
1780538217026,09:56:54,46.74,48.0,48.96,46.7,49.22,5787800.0,274870000.0,46.73,5000,46.72,3400,46.71,3000,46.7,5400,46.69,700,46.74,2000,46.75,1500,46.76,3600,46.77,2700,46.79,900,HOLD
1780538220032,09:56:57,46.75,48.0,48.96,46.7,49.22,5791300.0,275030000.0,46.74,300,46.73,4400,46.72,4400,46.71,3000,46.7,5600,46.75,400,46.76,3600,46.77,2700,46.79,900,46.8,300,HOLD
1780538223032,09:57:00,46.75,48.0,48.96,46.7,49.22,5800700.0,275470000.0,46.76,200,46.75,3600,46.74,12000,46.73,5100,46.72,4400,46.77,4800,46.79,900,46.8,300,46.81,2800,46.82,21200,HOLD
1780538229054,09:57:06,46.74,48.0,48.96,46.7,49.22,5814000.0,276090000.0,46.75,800,46.74,11300,46.73,5100,46.72,6000,46.71,2000,46.77,1400,46.8,300,46.81,2800,46.82,21100,46.83,800,HOLD
1780538235070,09:57:09,46.8,48.0,48.96,46.7,49.22,5817900.0,276270000.0,46.8,200,46.75,4200,46.74,11600,46.73,5600,46.72,6000,46.81,2800,46.82,21100,46.83,800,46.84,3600,46.85,300,HOLD
1780538238081,09:57:12,46.8,48.0,48.96,46.7,49.22,5819500.0,276350000.0,46.8,400,46.77,100,46.75,4300,46.74,11600,46.73,5600,46.81,1800,46.82,21100,46.83,800,46.84,3600,46.85,300,HOLD
1780538241092,09:57:18,46.8,48.0,48.96,46.7,49.22,5822600.0,276490000.0,46.77,200,46.75,5700,46.74,2200,46.73,5500,46.72,6000,46.8,100,46.82,21000,46.83,800,46.84,3600,46.85,300,HOLD
1780538247118,09:57:24,46.77,48.0,48.96,46.7,49.22,5831500.0,276910000.0,46.75,6200,46.74,2200,46.73,5300,46.72,6000,46.71,2600,46.77,5000,46.8,900,46.81,2000,46.82,300,46.83,800,HOLD
1780538250126,09:57:27,46.82,48.0,48.96,46.7,49.22,5840100.0,277310000.0,46.82,6200,46.8,100,46.77,100,46.75,6200,46.74,2200,46.83,800,46.84,3600,46.85,300,46.86,100,46.87,1100,HOLD
1780538253135,09:57:30,46.82,48.0,48.96,46.7,49.22,5840600.0,277330000.0,46.82,6000,46.8,1100,46.77,1400,46.76,400,46.75,7200,46.83,600,46.84,3600,46.85,300,46.86,100,46.87,1100,HOLD
1780538256137,09:57:33,46.82,48.0,48.96,46.7,49.22,5842300.0,277410000.0,46.82,5500,46.8,1100,46.78,500,46.77,1500,46.76,700,46.83,300,46.84,3600,46.85,300,46.86,100,46.87,1100,HOLD
1780538259144,09:57:36,46.82,48.0,48.96,46.7,49.22,5845800.0,277580000.0,46.82,2500,46.8,1100,46.78,500,46.77,1400,46.76,700,46.83,400,46.84,3600,46.85,300,46.86,100,46.87,1100,HOLD
1780538262156,09:57:39,46.83,48.0,48.96,46.7,49.22,5851200.0,277830000.0,46.83,1600,46.82,1000,46.8,1000,46.78,500,46.77,1400,46.84,3600,46.85,300,46.86,100,46.87,1100,46.89,7200,HOLD
1780538265167,09:57:42,46.83,48.0,48.96,46.7,49.22,5862600.0,278360000.0,46.83,800,46.8,600,46.77,300,46.76,700,46.75,7400,46.84,3600,46.85,300,46.86,100,46.87,1100,46.89,7200,HOLD
1780538268181,09:57:45,46.83,48.0,48.96,46.7,49.22,5864100.0,278430000.0,46.83,1100,46.82,200,46.8,600,46.78,900,46.77,300,46.84,3300,46.85,300,46.86,100,46.87,1100,46.89,7200,HOLD
1780538271188,09:57:48,46.83,48.0,48.96,46.7,49.22,5873100.0,278860000.0,46.75,6000,46.74,2600,46.73,6400,46.72,5400,46.71,2700,46.83,1400,46.84,3300,46.85,300,46.86,100,46.87,1100,HOLD
1780538274196,09:57:51,46.76,48.0,48.96,46.7,49.22,5876600.0,279020000.0,46.75,3300,46.74,2600,46.73,6400,46.72,5600,46.71,2700,46.78,500,46.79,300,46.82,200,46.83,21700,46.84,3300,HOLD
1780538277200,09:57:54,46.73,48.0,48.96,46.7,49.22,5890600.0,279670000.0,46.73,300,46.72,5600,46.71,2700,46.7,8800,46.69,700,46.75,300,46.76,400,46.77,1600,46.78,200,46.82,200,HOLD
1780538280209,09:57:57,46.7,48.0,48.96,46.7,49.22,5902000.0,280210000.0,46.7,7900,46.69,700,46.68,8100,46.67,3000,46.66,3300,46.71,9800,46.76,400,46.77,1600,46.78,200,46.82,200,HOLD
1780538283226,09:58:00,46.71,48.0,48.96,46.7,49.22,5909700.0,280570000.0,46.7,5900,46.69,700,46.68,8200,46.67,3000,46.66,3300,46.71,8600,46.73,200,46.75,100,46.76,400,46.77,1600,HOLD
1780538286230,09:58:03,46.73,48.0,48.96,46.7,49.22,5916700.0,280890000.0,46.72,1500,46.7,8100,46.69,700,46.68,8200,46.67,3000,46.73,100,46.75,100,46.76,200,46.77,1400,46.78,200,HOLD
1780538289239,09:58:06,46.73,48.0,48.96,46.7,49.22,5922900.0,281180000.0,46.73,800,46.72,200,46.71,300,46.7,7900,46.69,700,46.75,1000,46.76,200,46.77,1400,46.78,200,46.82,200,HOLD
1780538292253,09:58:09,46.78,48.0,48.96,46.7,49.22,5925600.0,281310000.0,46.78,700,46.73,1200,46.72,200,46.71,100,46.7,9000,46.82,400,46.83,1100,46.84,3300,46.85,300,46.86,100,HOLD
1780538295255,09:58:12,46.82,48.0,48.96,46.7,49.22,5927800.0,281410000.0,46.75,300,46.73,1700,46.72,400,46.71,800,46.7,10800,46.82,800,46.83,1100,46.84,3300,46.85,300,46.86,100,HOLD
1780538301275,09:58:18,46.8,48.0,48.96,46.7,49.22,5928800.0,281460000.0,46.76,600,46.75,2400,46.73,4900,46.72,400,46.71,2700,46.8,900,46.81,800,46.82,1900,46.83,1100,46.84,3300,HOLD
1780538304294,09:58:21,46.76,48.0,48.96,46.7,49.22,5932500.0,281630000.0,46.75,4000,46.73,4900,46.72,500,46.71,2700,46.7,14000,46.76,1800,46.79,700,46.8,1000,46.81,800,46.82,1900,HOLD
1780538307300,09:58:24,46.76,48.0,48.96,46.7,49.22,5934600.0,281730000.0,46.75,2800,46.73,5500,46.72,500,46.71,2700,46.7,13900,46.76,4000,46.79,700,46.8,1000,46.81,800,46.82,1400,HOLD
1780538313315,09:58:30,46.76,48.0,48.96,46.7,49.22,5951700.0,282530000.0,46.72,500,46.71,2700,46.7,15100,46.69,700,46.68,8100,46.76,600,46.79,700,46.8,1200,46.81,800,46.82,1400,HOLD
1780538316323,09:58:33,46.75,48.0,48.96,46.7,49.22,5954200.0,282650000.0,46.71,2600,46.7,15300,46.69,700,46.68,8600,46.67,3000,46.78,100,46.79,900,46.8,1100,46.81,800,46.82,1400,HOLD
1780538319336,09:58:36,46.76,48.0,48.96,46.7,49.22,5957600.0,282810000.0,46.76,100,46.75,200,46.72,600,46.71,1000,46.7,14700,46.78,500,46.79,900,46.8,1100,46.81,800,46.82,1400,HOLD
1780538322347,09:58:39,46.78,48.0,48.96,46.7,49.22,5958300.0,282840000.0,46.76,900,46.75,200,46.73,100,46.72,1100,46.71,1000,46.78,400,46.79,900,46.8,1100,46.81,800,46.82,1400,HOLD
1780538325356,09:58:42,46.79,48.0,48.96,46.7,49.22,5960500.0,282940000.0,46.79,1600,46.78,2400,46.76,600,46.75,200,46.73,200,46.8,1100,46.81,800,46.82,1400,46.83,800,46.84,3300,HOLD
1780538328392,09:58:45,46.79,48.0,48.96,46.7,49.22,5961100.0,282970000.0,46.79,1700,46.78,2700,46.77,100,46.76,5800,46.75,200,46.8,1100,46.81,800,46.82,1400,46.83,800,46.84,3300,HOLD
1780538331379,09:58:48,46.82,48.0,48.96,46.7,49.22,5963300.0,283070000.0,46.8,300,46.79,1400,46.78,2700,46.77,100,46.76,6000,46.82,1300,46.83,800,46.84,3300,46.85,300,46.86,100,HOLD
1780538337386,09:58:54,46.82,48.0,48.96,46.7,49.22,5972600.0,283510000.0,46.8,100,46.79,100,46.78,2100,46.77,100,46.76,6000,46.82,200,46.83,800,46.84,3300,46.85,300,46.86,100,HOLD
1780538343411,09:59:00,46.82,48.0,48.96,46.7,49.22,5974300.0,283590000.0,46.79,600,46.78,1800,46.77,100,46.76,6700,46.75,700,46.8,2100,46.82,400,46.83,800,46.84,3300,46.85,300,HOLD
1780538346415,09:59:03,46.89,48.0,48.96,46.7,49.22,5983500.0,284020000.0,46.84,100,46.83,0,46.82,17300,46.79,200,46.78,1900,46.89,600,46.9,200,46.91,200,47.0,5200,47.07,400,HOLD
1780538349427,09:59:06,47.07,48.0,48.96,46.7,49.22,5992400.0,284430000.0,46.92,900,46.91,500,46.9,400,46.85,800,46.84,900,47.07,6700,47.1,100,47.14,5200,47.2,100,47.21,4900,HOLD
1780538352438,09:59:09,46.93,48.0,48.96,46.7,49.22,5992700.0,284450000.0,46.92,1100,46.91,500,46.9,400,46.89,600,46.85,800,47.05,100,47.07,6600,47.1,100,47.14,5200,47.2,100,HOLD
1780538355442,09:59:12,47.07,48.0,48.96,46.7,49.22,5995700.0,284590000.0,47.07,100,46.93,1700,46.92,1100,46.9,400,46.89,6300,47.18,500,47.19,500,47.2,100,47.21,4900,47.22,1000,HOLD
1780538358459,09:59:15,47.18,48.0,48.96,46.7,49.22,5996100.0,284610000.0,47.08,100,47.07,200,47.06,200,46.93,1500,46.92,1100,47.18,500,47.19,500,47.2,100,47.21,4900,47.22,1000,HOLD
1780538364477,09:59:18,47.17,48.0,48.96,46.7,49.22,5997900.0,284690000.0,47.07,200,47.06,200,46.93,1500,46.92,1100,46.89,6200,47.18,500,47.19,500,47.2,100,47.21,4900,47.22,1000,HOLD
1780538367486,09:59:24,47.18,48.0,48.96,46.7,49.22,6001700.0,284870000.0,47.09,200,47.07,1400,47.06,100,46.96,800,46.93,1500,47.1,1000,47.18,300,47.19,500,47.2,100,47.21,4900,HOLD
1780538370487,09:59:27,47.1,48.0,48.96,46.7,49.22,6002300.0,284900000.0,47.07,1600,47.06,100,46.96,800,46.93,1500,46.92,1100,47.09,200,47.1,600,47.15,200,47.19,500,47.2,300,HOLD
1780538373489,09:59:30,47.08,48.0,48.96,46.7,49.22,6012600.0,285380000.0,47.08,400,47.05,100,47.0,400,46.99,1000,46.89,2600,47.09,800,47.1,600,47.15,200,47.18,200,47.19,500,HOLD
1780538376496,09:59:33,47.08,48.0,48.96,46.7,49.22,6017900.0,285630000.0,47.07,100,47.05,100,47.0,500,46.99,6100,46.89,2600,47.08,800,47.09,800,47.1,5400,47.15,200,47.18,200,HOLD
1780538382522,09:59:39,47.01,48.0,48.96,46.7,49.22,6019200.0,285700000.0,47.01,200,47.0,500,46.99,6100,46.9,100,46.89,2600,47.05,400,47.06,1200,47.07,1000,47.08,500,47.09,600,HOLD
1780538385527,09:59:42,46.99,48.0,48.96,46.7,49.22,6021700.0,285810000.0,46.99,5300,46.9,100,46.89,2600,46.88,1000,46.86,400,47.01,200,47.04,600,47.05,300,47.06,800,47.07,800,HOLD
1780538388554,09:59:45,47.01,48.0,48.96,46.7,49.22,6022900.0,285870000.0,47.0,2200,46.99,5000,46.9,200,46.89,2600,46.88,1000,47.01,200,47.04,600,47.05,100,47.06,800,47.07,700,HOLD
1780538391552,09:59:48,47.01,48.0,48.96,46.7,49.22,6024200.0,285930000.0,47.01,1000,47.0,1800,46.99,5300,46.9,200,46.89,2600,47.04,100,47.05,100,47.06,800,47.07,600,47.08,200,HOLD
1780538394570,09:59:51,47.01,48.0,48.96,46.7,49.22,6026200.0,286020000.0,47.0,2200,46.99,5300,46.9,200,46.89,2600,46.88,1000,47.01,600,47.04,100,47.05,100,47.06,800,47.07,300,HOLD
1780538397575,09:59:54,47.01,48.0,48.96,46.7,49.22,6027600.0,286090000.0,47.0,3400,46.99,5300,46.96,1100,46.9,200,46.89,2600,47.01,100,47.04,100,47.05,100,47.06,800,47.07,300,HOLD
1780538400585,09:59:57,47.04,48.0,48.96,46.7,49.22,6027900.0,286100000.0,47.04,100,47.02,700,47.01,900,47.0,4200,46.99,10300,47.05,100,47.06,800,47.07,300,47.08,200,47.09,600,HOLD
1780538403600,10:00:00,47.04,48.0,48.96,46.7,49.22,6029600.0,286180000.0,47.01,900,47.0,4200,46.99,10300,46.96,1100,46.95,10000,47.04,1400,47.05,600,47.06,1600,47.07,300,47.08,200,HOLD
1780538406615,10:00:03,47.0,48.0,48.96,46.7,49.22,6033800.0,286380000.0,47.0,2100,46.99,10300,46.96,1100,46.95,10000,46.9,200,47.02,200,47.03,200,47.04,800,47.05,600,47.06,1600,HOLD
1780538409621,10:00:06,47.0,48.0,48.96,46.7,49.22,6039300.0,286640000.0,46.99,9400,46.96,1100,46.95,10000,46.9,200,46.89,2700,47.0,2000,47.02,800,47.04,2600,47.05,600,47.06,1600,HOLD
1780538412633,10:00:09,46.95,48.0,48.96,46.7,49.22,6060000.0,287610000.0,46.9,200,46.89,2600,46.88,1000,46.85,1800,46.84,100,46.95,2100,46.97,200,46.98,200,46.99,200,47.0,2500,HOLD
1780538415647,10:00:12,46.92,48.0,48.96,46.7,49.22,6062500.0,287730000.0,46.9,100,46.89,1700,46.88,1000,46.85,1800,46.84,100,46.92,600,46.95,1700,46.97,200,46.98,200,46.99,200,HOLD
1780538418649,10:00:15,46.89,48.0,48.96,46.7,49.22,6064300.0,287810000.0,46.91,1700,46.89,1000,46.88,1000,46.85,1800,46.84,100,46.92,1900,46.94,100,46.95,1600,46.97,200,46.98,200,HOLD
1780538421667,10:00:18,46.92,48.0,48.96,46.7,49.22,6067700.0,287970000.0,46.9,2800,46.89,400,46.88,1000,46.85,1800,46.84,100,46.92,1000,46.94,100,46.95,1600,46.97,100,46.98,200,HOLD
1780538424660,10:00:21,46.95,48.0,48.96,46.7,49.22,6073400.0,288240000.0,46.94,300,46.92,500,46.9,100,46.89,900,46.88,1900,46.95,1000,46.97,100,46.98,200,46.99,200,47.0,1300,HOLD
1780538427676,10:00:24,46.94,48.0,48.96,46.7,49.22,6073900.0,288260000.0,46.94,300,46.92,900,46.91,100,46.9,100,46.89,900,46.95,600,46.97,100,46.98,200,46.99,200,47.0,1300,HOLD
1780538430677,10:00:27,46.94,48.0,48.96,46.7,49.22,6079500.0,288530000.0,46.92,300,46.9,300,46.89,1200,46.85,1700,46.84,100,46.94,100,46.96,100,46.97,100,46.98,200,46.99,200,HOLD
1780538433683,10:00:30,46.95,48.0,48.96,46.7,49.22,6088100.0,288930000.0,46.95,1500,46.93,100,46.92,200,46.9,400,46.89,1200,46.99,400,47.0,1600,47.01,100,47.02,800,47.04,3000,HOLD
1780538436694,10:00:33,46.95,48.0,48.96,46.7,49.22,6088300.0,288940000.0,46.95,2100,46.94,600,46.93,100,46.92,8800,46.9,500,46.98,200,46.99,600,47.0,1600,47.01,100,47.02,800,HOLD
