local_time_ms,server_time,price,open,high,low,prev_close,cum_volume,cum_amount,bp1,bv1,bp2,bv2,bp3,bv3,bp4,bv4,bp5,bv5,sp1,sv1,sp2,sv2,sp3,sv3,sp4,sv4,sp5,sv5,signal
1779934138601,10:08:54,48.77,49.8,50.56,48.3,49.76,3204100.0,158195413.0,48.74,100.0,48.73,1200.0,48.72,200.0,48.71,2900.0,48.7,5700.0,48.77,100.0,48.83,1900.0,48.84,1000.0,48.85,200.0,48.86,1000.0,HOLD
1779934140617,10:08:57,48.75,49.8,50.56,48.3,49.76,3205700.0,158273414.0,48.74,200.0,48.73,1300.0,48.71,2900.0,48.7,5900.0,48.68,1600.0,48.82,800.0,48.83,1900.0,48.84,1000.0,48.85,200.0,48.86,1000.0,HOLD
1779934143635,10:09:00,48.74,49.8,50.56,48.3,49.76,3208000.0,158385516.0,48.73,1300.0,48.71,2900.0,48.7,6100.0,48.68,1600.0,48.67,400.0,48.74,100.0,48.77,600.0,48.79,200.0,48.82,900.0,48.83,1900.0,HOLD
1779934146660,10:09:03,48.74,49.8,50.56,48.3,49.76,3213400.0,158648675.0,48.74,1800.0,48.72,200.0,48.71,2700.0,48.7,6300.0,48.68,1600.0,48.75,300.0,48.76,100.0,48.77,200.0,48.79,400.0,48.82,900.0,HOLD
1779934148683,10:09:06,48.74,49.8,50.56,48.3,49.76,3216200.0,158785141.0,48.73,500.0,48.72,100.0,48.71,1700.0,48.7,6300.0,48.68,1900.0,48.75,300.0,48.77,200.0,48.79,400.0,48.82,900.0,48.83,1900.0,HOLD
1779934152718,10:09:09,48.73,49.8,50.56,48.3,49.76,3216900.0,158819256.0,48.73,300.0,48.72,100.0,48.71,1700.0,48.7,6100.0,48.68,2000.0,48.74,4300.0,48.75,300.0,48.77,200.0,48.79,200.0,48.82,100.0,HOLD
1779934154736,10:09:12,48.73,49.8,50.56,48.3,49.76,3217300.0,158838748.0,48.72,100.0,48.71,1700.0,48.7,6100.0,48.68,2000.0,48.67,400.0,48.73,300.0,48.74,4600.0,48.75,300.0,48.77,200.0,48.79,200.0,HOLD
1779934158774,10:09:15,48.72,49.8,50.56,48.3,49.76,3220100.0,158975149.0,48.7,6100.0,48.68,2000.0,48.67,400.0,48.66,1200.0,48.65,300.0,48.72,200.0,48.73,7100.0,48.74,4700.0,48.75,400.0,48.77,400.0,HOLD
1779934161809,10:09:18,48.83,49.8,50.56,48.3,49.76,3236000.0,159750018.0,48.75,100.0,48.74,200.0,48.73,1100.0,48.72,100.0,48.71,500.0,48.83,1600.0,48.85,200.0,48.86,900.0,48.87,200.0,48.93,600.0,HOLD
1779934163834,10:09:21,48.83,49.8,50.56,48.3,49.76,3237300.0,159813497.0,48.76,700.0,48.75,100.0,48.74,200.0,48.73,300.0,48.72,200.0,48.83,300.0,48.85,200.0,48.86,900.0,48.87,200.0,48.93,600.0,HOLD
1779934167886,10:09:24,48.83,49.8,50.56,48.3,49.76,3238200.0,159857446.0,48.76,100.0,48.74,200.0,48.73,700.0,48.72,200.0,48.7,5200.0,48.85,100.0,48.86,900.0,48.87,200.0,48.93,600.0,48.98,1700.0,HOLD
1779934169910,10:09:27,48.83,49.8,50.56,48.3,49.76,3240700.0,159979515.0,48.76,200.0,48.74,200.0,48.73,700.0,48.72,200.0,48.7,5400.0,48.85,300.0,48.86,900.0,48.87,200.0,48.93,600.0,48.98,1700.0,HOLD
1779934171927,10:09:30,48.85,49.8,50.56,48.3,49.76,3242900.0,160086991.0,48.84,200.0,48.83,500.0,48.76,400.0,48.74,200.0,48.73,700.0,48.85,200.0,48.86,300.0,48.87,200.0,48.93,600.0,48.98,1700.0,HOLD
1779934175956,10:09:33,48.85,49.8,50.56,48.3,49.76,3246300.0,160253067.0,48.83,200.0,48.76,200.0,48.74,200.0,48.73,700.0,48.72,200.0,48.84,200.0,48.85,2000.0,48.86,300.0,48.87,200.0,48.93,600.0,HOLD
1779934178972,10:09:36,48.85,49.8,50.56,48.3,49.76,3250000.0,160433786.0,48.76,200.0,48.75,100.0,48.73,800.0,48.72,300.0,48.71,100.0,48.83,300.0,48.85,400.0,48.86,300.0,48.87,200.0,48.93,600.0,HOLD
1779934180998,10:09:39,48.85,49.8,50.56,48.3,49.76,3261200.0,160980877.0,48.83,200.0,48.76,700.0,48.75,100.0,48.73,500.0,48.72,300.0,48.85,13800.0,48.86,25600.0,48.87,100.0,48.92,2200.0,48.93,600.0,HOLD
1779934186053,10:09:42,48.85,49.8,50.56,48.3,49.76,3263700.0,161102957.0,48.8,1000.0,48.78,300.0,48.75,100.0,48.73,500.0,48.72,300.0,48.83,100.0,48.85,12400.0,48.86,25600.0,48.87,100.0,48.9,800.0,HOLD
1779934188068,10:09:45,48.83,49.8,50.56,48.3,49.76,3264200.0,161127376.0,48.81,100.0,48.8,1000.0,48.78,300.0,48.75,100.0,48.73,500.0,48.85,12900.0,48.86,25600.0,48.9,800.0,48.92,2200.0,48.93,600.0,HOLD
1779934192114,10:09:48,48.85,49.8,50.56,48.3,49.76,3264600.0,161146912.0,48.8,1000.0,48.78,300.0,48.75,200.0,48.73,500.0,48.72,500.0,48.84,100.0,48.85,12800.0,48.86,25600.0,48.9,800.0,48.92,2200.0,HOLD
1779934195129,10:09:51,48.8,49.8,50.56,48.3,49.76,3271900.0,161503341.0,48.78,300.0,48.75,1200.0,48.73,500.0,48.72,500.0,48.71,300.0,48.8,100.0,48.82,100.0,48.83,1500.0,48.85,12800.0,48.86,25600.0,HOLD
1779934197141,10:09:54,48.78,49.8,50.56,48.3,49.76,3272600.0,161537492.0,48.75,1200.0,48.73,500.0,48.72,500.0,48.71,300.0,48.7,7500.0,48.79,500.0,48.83,1500.0,48.85,12700.0,48.86,25600.0,48.9,800.0,HOLD
1779934200159,10:09:57,48.8,49.8,50.56,48.3,49.76,3273800.0,161596062.0,48.8,7400.0,48.75,1300.0,48.73,500.0,48.72,500.0,48.71,200.0,48.83,1000.0,48.85,12700.0,48.86,25600.0,48.9,800.0,48.92,2200.0,HOLD
1779934203196,10:10:00,48.8,49.8,50.56,48.3,49.76,3276500.0,161727822.0,48.8,4800.0,48.79,300.0,48.78,200.0,48.75,1300.0,48.73,500.0,48.83,1000.0,48.85,12700.0,48.86,25600.0,48.9,800.0,48.92,2200.0,HOLD
1779934207233,10:10:03,48.8,49.8,50.56,48.3,49.76,3276800.0,161742462.0,48.8,5000.0,48.79,400.0,48.78,900.0,48.75,1300.0,48.74,100.0,48.83,1000.0,48.85,12700.0,48.86,25600.0,48.9,800.0,48.92,2200.0,HOLD
1779934209254,10:10:06,48.8,49.8,50.56,48.3,49.76,3276800.0,161742462.0,48.8,5000.0,48.79,500.0,48.78,1000.0,48.75,1300.0,48.74,100.0,48.83,1000.0,48.85,12700.0,48.86,25600.0,48.9,800.0,48.92,2200.0,HOLD
1779934212281,10:10:09,48.8,49.8,50.56,48.3,49.76,3277200.0,161761982.0,48.8,4600.0,48.79,300.0,48.78,1000.0,48.75,1400.0,48.74,100.0,48.83,1000.0,48.85,12700.0,48.86,25200.0,48.9,800.0,48.92,2200.0,HOLD
1779934215314,10:10:12,48.83,49.8,50.56,48.3,49.76,3277500.0,161776630.0,48.8,4700.0,48.79,800.0,48.78,1000.0,48.76,100.0,48.75,1400.0,48.83,800.0,48.85,12500.0,48.86,25200.0,48.9,900.0,48.92,2200.0,HOLD
1779934218334,10:10:15,48.83,49.8,50.56,48.3,49.76,3277800.0,161791279.0,48.81,100.0,48.8,11500.0,48.79,700.0,48.78,1000.0,48.76,100.0,48.83,800.0,48.85,12400.0,48.86,25200.0,48.9,900.0,48.92,2200.0,HOLD
1779934221366,10:10:18,48.84,49.8,50.56,48.3,49.76,3296800.0,162719052.0,48.83,600.0,48.82,400.0,48.81,200.0,48.8,11500.0,48.79,700.0,48.85,12000.0,48.86,25200.0,48.9,900.0,48.92,2200.0,48.93,600.0,HOLD
1779934224391,10:10:21,48.85,49.8,50.56,48.3,49.76,3297100.0,162733707.0,48.83,6700.0,48.82,800.0,48.81,200.0,48.8,12600.0,48.79,700.0,48.85,11700.0,48.86,25200.0,48.9,900.0,48.92,2200.0,48.93,600.0,HOLD
1779934228435,10:10:24,48.85,49.8,50.56,48.3,49.76,3297700.0,162763017.0,48.84,200.0,48.83,6800.0,48.82,800.0,48.81,100.0,48.8,12800.0,48.85,11100.0,48.86,25200.0,48.9,900.0,48.92,2200.0,48.93,600.0,HOLD
1779934230452,10:10:27,48.84,49.8,50.56,48.3,49.76,3303200.0,163031689.0,48.83,6700.0,48.82,800.0,48.81,200.0,48.8,12900.0,48.79,700.0,48.84,200.0,48.85,5900.0,48.86,25200.0,48.9,100.0,48.92,2200.0,HOLD
1779934232471,10:10:30,48.83,49.8,50.56,48.3,49.76,3310200.0,163373499.0,48.82,400.0,48.81,200.0,48.8,12900.0,48.79,700.0,48.78,1000.0,48.83,1200.0,48.84,300.0,48.85,5900.0,48.86,25200.0,48.9,100.0,HOLD
1779934236515,10:10:33,48.82,49.8,50.56,48.3,49.76,3311900.0,163456502.0,48.8,12900.0,48.79,700.0,48.78,1000.0,48.76,100.0,48.75,1300.0,48.82,900.0,48.83,200.0,48.84,300.0,48.85,5900.0,48.86,25200.0,HOLD
1779934239549,10:10:36,48.82,49.8,50.56,48.3,49.76,3311900.0,163456502.0,48.81,800.0,48.8,13100.0,48.79,700.0,48.78,1100.0,48.76,100.0,48.82,900.0,48.83,100.0,48.84,300.0,48.85,5900.0,48.86,25200.0,HOLD
1779934241571,10:10:39,48.76,49.8,50.56,48.3,49.76,3328400.0,164261682.0,48.75,1300.0,48.74,300.0,48.73,500.0,48.72,400.0,48.71,1100.0,48.79,400.0,48.82,500.0,48.83,100.0,48.84,300.0,48.85,5900.0,HOLD
1779934245604,10:10:42,48.82,49.8,50.56,48.3,49.76,3328900.0,164286080.0,48.75,1300.0,48.74,300.0,48.73,500.0,48.72,400.0,48.71,1100.0,48.81,1100.0,48.82,500.0,48.83,100.0,48.84,500.0,48.85,5900.0,HOLD
1779934247628,10:10:45,48.82,49.8,50.56,48.3,49.76,3328900.0,164286080.0,48.78,600.0,48.75,1300.0,48.74,300.0,48.73,500.0,48.72,400.0,48.81,1100.0,48.82,500.0,48.83,100.0,48.84,500.0,48.85,5900.0,HOLD
1779934250654,10:10:48,48.81,49.8,50.56,48.3,49.76,3329500.0,164315366.0,48.78,600.0,48.75,1300.0,48.74,300.0,48.73,500.0,48.72,400.0,48.81,500.0,48.82,1100.0,48.83,100.0,48.84,500.0,48.85,5900.0,HOLD
1779934254684,10:10:51,48.86,49.8,50.56,48.3,49.76,3343100.0,164979637.0,48.81,100.0,48.8,100.0,48.79,300.0,48.78,200.0,48.76,200.0,48.86,20800.0,48.9,100.0,48.92,2200.0,48.93,600.0,48.98,1700.0,HOLD
1779934258728,10:10:54,48.85,49.8,50.56,48.3,49.76,3344100.0,165028469.0,48.82,500.0,48.81,300.0,48.8,100.0,48.79,200.0,48.78,200.0,48.85,1600.0,48.86,20600.0,48.9,100.0,48.92,2200.0,48.93,600.0,HOLD
1779934260739,10:10:57,48.82,49.8,50.56,48.3,49.76,3344800.0,165062644.0,48.81,300.0,48.8,300.0,48.79,200.0,48.78,200.0,48.76,700.0,48.85,1600.0,48.86,20600.0,48.9,100.0,48.92,2200.0,48.93,600.0,HOLD
1779934263764,10:11:00,48.85,49.8,50.56,48.3,49.76,3345600.0,165101724.0,48.81,900.0,48.8,300.0,48.79,200.0,48.78,200.0,48.76,700.0,48.85,1300.0,48.86,20600.0,48.9,100.0,48.92,2200.0,48.93,600.0,HOLD
1779934265781,10:11:03,48.85,49.8,50.56,48.3,49.76,3351700.0,165399469.0,48.8,12000.0,48.79,200.0,48.78,700.0,48.76,700.0,48.75,2600.0,48.85,1400.0,48.86,20600.0,48.9,100.0,48.92,2200.0,48.93,600.0,HOLD
1779934269814,10:11:06,48.85,49.8,50.56,48.3,49.76,3352800.0,165453189.0,48.8,12200.0,48.79,300.0,48.78,700.0,48.76,700.0,48.75,2600.0,48.84,1400.0,48.85,800.0,48.86,20600.0,48.9,100.0,48.92,2200.0,HOLD
1779934271844,10:11:09,48.8,49.8,50.56,48.3,49.76,3354500.0,165536157.0,48.8,11200.0,48.79,300.0,48.78,700.0,48.76,700.0,48.75,2700.0,48.83,1400.0,48.84,1200.0,48.85,800.0,48.87,900.0,48.9,100.0,HOLD
1779934274867,10:11:12,48.83,49.8,50.56,48.3,49.76,3354600.0,165541040.0,48.81,100.0,48.8,11200.0,48.79,1300.0,48.78,700.0,48.76,700.0,48.82,100.0,48.83,1300.0,48.84,1200.0,48.85,800.0,48.87,900.0,HOLD
1779934277899,10:11:15,48.83,49.8,50.56,48.3,49.76,3354600.0,165541040.0,48.81,400.0,48.8,12800.0,48.79,1300.0,48.78,700.0,48.76,700.0,48.82,100.0,48.83,1300.0,48.84,1200.0,48.85,800.0,48.87,900.0,HOLD
1779934280914,10:11:18,48.81,49.8,50.56,48.3,49.76,3356000.0,165609378.0,48.8,13900.0,48.79,1300.0,48.78,700.0,48.76,700.0,48.75,2700.0,48.81,1700.0,48.83,1300.0,48.84,1200.0,48.85,800.0,48.87,900.0,HOLD
1779934284939,10:11:21,48.8,49.8,50.56,48.3,49.76,3357000.0,165658178.0,48.8,14000.0,48.79,1600.0,48.78,700.0,48.76,700.0,48.75,2700.0,48.81,1800.0,48.83,1300.0,48.84,1200.0,48.85,800.0,48.87,900.0,HOLD
1779934286950,10:11:24,48.81,49.8,50.56,48.3,49.76,3361900.0,165897300.0,48.8,9400.0,48.79,1500.0,48.78,700.0,48.76,1700.0,48.75,2700.0,48.81,1600.0,48.83,1300.0,48.84,1200.0,48.85,800.0,48.87,900.0,HOLD
1779934289984,10:11:27,48.81,49.8,50.56,48.3,49.76,3368100.0,166199874.0,48.8,4600.0,48.79,1500.0,48.78,700.0,48.77,100.0,48.76,1700.0,48.81,200.0,48.83,1300.0,48.84,1200.0,48.85,800.0,48.87,900.0,HOLD
1779934293017,10:11:30,48.81,49.8,50.56,48.3,49.76,3368400.0,166214517.0,48.8,5200.0,48.79,1600.0,48.78,700.0,48.77,100.0,48.76,1700.0,48.83,1300.0,48.84,1200.0,48.85,1600.0,48.87,900.0,48.9,100.0,HOLD
1779934296044,10:11:33,48.8,49.8,50.56,48.3,49.76,3370700.0,166326759.0,48.81,1000.0,48.8,11300.0,48.79,3600.0,48.78,700.0,48.77,100.0,48.83,1300.0,48.84,1200.0,48.85,1600.0,48.87,900.0,48.9,100.0,HOLD
1779934298058,10:11:36,48.83,49.8,50.56,48.3,49.76,3371200.0,166351172.0,48.82,100.0,48.81,1200.0,48.8,11400.0,48.79,3600.0,48.78,700.0,48.83,1000.0,48.84,1200.0,48.85,1600.0,48.87,900.0,48.9,100.0,HOLD
1779934301085,10:11:39,48.83,49.8,50.56,48.3,49.76,3372200.0,166400002.0,48.83,1000.0,48.82,200.0,48.81,2100.0,48.8,15700.0,48.79,3600.0,48.84,1200.0,48.85,1600.0,48.87,900.0,48.9,100.0,48.92,2200.0,HOLD
1779934306120,10:11:42,48.84,49.8,50.56,48.3,49.76,3372900.0,166434190.0,48.83,1200.0,48.82,200.0,48.81,2100.0,48.8,15600.0,48.79,4000.0,48.84,500.0,48.85,1600.0,48.87,900.0,48.9,100.0,48.92,2200.0,HOLD
1779934308131,10:11:45,48.83,49.8,50.56,48.3,49.76,3374200.0,166497670.0,48.83,6900.0,48.82,200.0,48.81,2100.0,48.8,15600.0,48.79,4000.0,48.84,400.0,48.85,1600.0,48.87,900.0,48.9,100.0,48.92,2200.0,HOLD
1779934311155,10:11:48,48.83,49.8,50.56,48.3,49.76,3374800.0,166526968.0,48.83,6400.0,48.82,200.0,48.81,1500.0,48.8,16200.0,48.79,4000.0,48.84,400.0,48.85,1600.0,48.87,900.0,48.9,100.0,48.92,2200.0,HOLD
1779934314183,10:11:51,48.83,49.8,50.56,48.3,49.76,3382800.0,166917599.0,48.81,600.0,48.8,16200.0,48.79,3900.0,48.78,1200.0,48.77,100.0,48.83,1800.0,48.84,600.0,48.85,1600.0,48.87,900.0,48.9,100.0,HOLD
1779934317215,10:11:54,48.81,49.8,50.56,48.3,49.76,3383800.0,166966411.0,48.8,16200.0,48.79,3900.0,48.78,1200.0,48.76,1700.0,48.75,2700.0,48.81,100.0,48.83,400.0,48.84,600.0,48.85,1600.0,48.87,900.0,HOLD
1779934320241,10:11:57,48.81,49.8,50.56,48.3,49.76,3385600.0,167054268.0,48.81,1200.0,48.8,16200.0,48.79,3900.0,48.78,1200.0,48.76,1700.0,48.83,400.0,48.84,600.0,48.85,1600.0,48.87,900.0,48.9,100.0,HOLD
1779934322262,10:12:00,48.83,49.8,50.56,48.3,49.76,3390000.0,167269036.0,48.82,100.0,48.81,600.0,48.8,14600.0,48.79,3900.0,48.78,1200.0,48.83,100.0,48.84,600.0,48.85,1600.0,48.87,900.0,48.9,100.0,HOLD
1779934327308,10:12:03,48.83,49.8,50.56,48.3,49.76,3391100.0,167322751.0,48.83,100.0,48.82,100.0,48.81,700.0,48.8,14400.0,48.79,3900.0,48.84,400.0,48.85,1500.0,48.87,900.0,48.9,100.0,48.93,600.0,HOLD
1779934329327,10:12:06,48.85,49.8,50.56,48.3,49.76,3391900.0,167361826.0,48.84,800.0,48.83,400.0,48.82,100.0,48.81,700.0,48.8,14400.0,48.85,1200.0,48.87,900.0,48.9,100.0,48.93,600.0,48.98,1700.0,HOLD
1779934331351,10:12:09,48.84,49.8,50.56,48.3,49.76,3395100.0,167518161.0,48.84,400.0,48.83,200.0,48.81,700.0,48.8,15400.0,48.79,3700.0,48.9,100.0,48.93,600.0,48.98,1700.0,48.99,400.0,49.0,500.0,HOLD
1779934335398,10:12:12,48.84,49.8,50.56,48.3,49.76,3395600.0,167542588.0,48.9,500.0,48.85,100.0,48.84,200.0,48.83,200.0,48.81,800.0,48.93,600.0,48.98,1700.0,48.99,400.0,49.0,500.0,49.04,300.0,HOLD
1779934338425,10:12:15,48.91,49.8,50.56,48.3,49.76,3395900.0,167557259.0,48.9,100.0,48.87,100.0,48.85,200.0,48.84,500.0,48.83,300.0,48.93,600.0,48.98,1700.0,48.99,400.0,49.0,500.0,49.04,300.0,HOLD
1779934340447,10:12:18,48.93,49.8,50.56,48.3,49.76,3396400.0,167581721.0,48.92,100.0,48.91,100.0,48.9,200.0,48.88,100.0,48.87,100.0,48.93,200.0,48.98,1700.0,48.99,400.0,49.0,500.0,49.04,300.0,HOLD
1779934343472,10:12:21,48.93,49.8,50.56,48.3,49.76,3396600.0,167591507.0,48.93,100.0,48.92,100.0,48.91,1400.0,48.9,200.0,48.88,100.0,48.98,1700.0,48.99,400.0,49.0,500.0,49.04,300.0,49.08,100.0,HOLD
1779934346500,10:12:24,48.98,49.8,50.56,48.3,49.76,3398200.0,167669875.0,48.97,100.0,48.93,600.0,48.92,100.0,48.91,1300.0,48.9,200.0,48.98,100.0,48.99,400.0,49.0,500.0,49.02,100.0,49.04,300.0,HOLD
1779934349532,10:12:27,48.98,49.8,50.56,48.3,49.76,3398600.0,167689469.0,48.98,1400.0,48.97,200.0,48.93,1100.0,48.92,100.0,48.9,200.0,48.99,200.0,49.0,500.0,49.02,100.0,49.04,300.0,49.08,100.0,HOLD
1779934352563,10:12:30,48.98,49.8,50.56,48.3,49.76,3400100.0,167762940.0,48.98,2100.0,48.97,200.0,48.93,1000.0,48.92,100.0,48.91,100.0,48.99,100.0,49.0,300.0,49.02,100.0,49.04,300.0,49.08,100.0,HOLD
1779934354574,10:12:33,49.03,49.8,50.56,48.3,49.76,3401600.0,167836471.0,48.99,400.0,48.98,2200.0,48.97,200.0,48.93,900.0,48.92,100.0,49.02,800.0,49.04,300.0,49.08,100.0,49.3,500.0,49.4,5000.0,HOLD
1779934358611,10:12:36,49.03,49.8,50.56,48.3,49.76,3401600.0,167836471.0,48.99,1400.0,48.98,3700.0,48.97,200.0,48.93,1300.0,48.92,100.0,49.01,200.0,49.02,800.0,49.04,300.0,49.08,100.0,49.3,500.0,HOLD
1779934362640,10:12:39,49.02,49.8,50.56,48.3,49.76,3402000.0,167856077.0,49.0,100.0,48.99,1000.0,48.98,4100.0,48.97,200.0,48.94,100.0,49.02,600.0,49.04,300.0,49.08,100.0,49.3,500.0,49.4,5000.0,HOLD
1779934364661,10:12:42,49.02,49.8,50.56,48.3,49.76,3402200.0,167865881.0,49.01,300.0,49.0,100.0,48.99,1100.0,48.98,2100.0,48.97,200.0,49.02,400.0,49.04,300.0,49.08,100.0,49.3,500.0,49.4,5000.0,HOLD
1779934367684,10:12:45,49.02,49.8,50.56,48.3,49.76,3402700.0,167890390.0,49.02,200.0,49.01,1300.0,49.0,300.0,48.99,1100.0,48.98,2100.0,49.04,300.0,49.08,100.0,49.3,500.0,49.4,5000.0,49.46,100.0,HOLD
1779934370712,10:12:48,48.99,49.8,50.56,48.3,49.76,3409600.0,168228429.0,48.97,100.0,48.94,100.0,48.93,1200.0,48.92,100.0,48.91,100.0,48.99,900.0,49.0,600.0,49.02,700.0,49.03,200.0,49.04,300.0,HOLD
1779934373746,10:12:51,48.99,49.8,50.56,48.3,49.76,3409700.0,168233328.0,48.97,200.0,48.94,100.0,48.93,1200.0,48.92,100.0,48.91,100.0,48.99,800.0,49.0,600.0,49.02,700.0,49.03,200.0,49.04,300.0,HOLD
1779934377789,10:12:54,48.99,49.8,50.56,48.3,49.76,3409700.0,168233328.0,48.97,200.0,48.94,100.0,48.93,1200.0,48.92,100.0,48.91,100.0,48.99,800.0,49.0,300.0,49.02,700.0,49.03,200.0,49.04,300.0,HOLD
1779934380810,10:12:57,48.99,49.8,50.56,48.3,49.76,3410500.0,168272520.0,48.99,500.0,48.98,300.0,48.97,200.0,48.94,100.0,48.93,1200.0,49.0,300.0,49.02,400.0,49.03,200.0,49.04,300.0,49.08,100.0,HOLD
1779934382840,10:13:00,48.99,49.8,50.56,48.3,49.76,3410500.0,168272520.0,48.99,500.0,48.98,300.0,48.97,1800.0,48.94,100.0,48.93,1200.0,49.0,300.0,49.02,400.0,49.03,200.0,49.04,300.0,49.08,100.0,HOLD
1779934385878,10:13:03,49.0,49.8,50.56,48.3,49.76,3410800.0,168287220.0,49.0,700.0,48.99,3200.0,48.97,1800.0,48.94,100.0,48.93,1200.0,49.02,200.0,49.03,200.0,49.04,300.0,49.08,100.0,49.4,5000.0,HOLD
1779934388913,10:13:06,49.02,49.8,50.56,48.3,49.76,3410900.0,168292122.0,49.0,900.0,48.99,3400.0,48.97,1700.0,48.94,100.0,48.93,1200.0,49.02,100.0,49.03,200.0,49.04,300.0,49.08,100.0,49.4,5000.0,HOLD
1779934390936,10:13:09,49.01,49.8,50.56,48.3,49.76,3411900.0,168341123.0,48.99,3900.0,48.94,100.0,48.93,1200.0,48.92,100.0,48.91,100.0,49.02,100.0,49.03,200.0,49.04,300.0,49.08,100.0,49.4,5000.0,HOLD
1779934394981,10:13:12,49.02,49.8,50.56,48.3,49.76,3418000.0,168640017.0,48.97,1000.0,48.96,200.0,48.94,100.0,48.93,1200.0,48.92,100.0,49.02,1000.0,49.03,200.0,49.04,300.0,49.08,100.0,49.4,5000.0,HOLD
1779934398005,10:13:15,48.94,49.8,50.56,48.3,49.76,3419600.0,168718373.0,48.93,1200.0,48.92,100.0,48.91,100.0,48.9,100.0,48.85,100.0,48.96,200.0,48.97,500.0,48.99,1500.0,49.0,1500.0,49.01,700.0,HOLD
1779934402059,10:13:18,48.96,49.8,50.56,48.3,49.76,3423000.0,168884790.0,48.93,500.0,48.92,100.0,48.91,100.0,48.9,100.0,48.85,100.0,48.96,200.0,48.97,100.0,48.99,1500.0,49.0,800.0,49.01,700.0,HOLD
1779934404079,10:13:21,48.93,49.8,50.56,48.3,49.76,3423200.0,168894579.0,48.93,400.0,48.92,100.0,48.91,100.0,48.9,100.0,48.85,100.0,48.96,100.0,48.97,600.0,48.99,1500.0,49.0,1600.0,49.01,700.0,HOLD
1779934407103,10:13:24,48.94,49.8,50.56,48.3,49.76,3423700.0,168919045.0,48.92,100.0,48.91,100.0,48.9,100.0,48.85,100.0,48.84,800.0,48.96,100.0,48.97,600.0,48.99,1500.0,49.0,1600.0,49.01,700.0,HOLD
1779934411138,10:13:27,48.91,49.8,50.56,48.3,49.76,3424000.0,168933719.0,48.9,100.0,48.85,100.0,48.84,800.0,48.83,200.0,48.81,1800.0,48.95,300.0,48.96,100.0,48.97,500.0,48.99,1500.0,49.0,1400.0,HOLD
1779934413151,10:13:30,48.88,49.8,50.56,48.3,49.76,3425100.0,168987511.0,48.88,100.0,48.85,100.0,48.84,800.0,48.83,200.0,48.81,1800.0,48.94,200.0,48.95,100.0,48.96,3600.0,48.97,500.0,48.99,1500.0,HOLD
1779934416183,10:13:33,48.91,49.8,50.56,48.3,49.76,3429200.0,169188197.0,48.91,200.0,48.9,100.0,48.88,100.0,48.85,100.0,48.84,800.0,48.95,1500.0,48.96,3600.0,48.97,500.0,48.99,1500.0,49.0,1500.0,HOLD
1779934420212,10:13:36,48.88,49.8,50.56,48.3,49.76,3429800.0,169217542.0,48.85,100.0,48.84,800.0,48.83,200.0,48.81,1800.0,48.8,12200.0,48.88,300.0,48.94,100.0,48.95,300.0,48.96,2600.0,48.97,500.0,HOLD
1779934422237,10:13:39,48.93,49.8,50.56,48.3,49.76,3430700.0,169261552.0,48.9,400.0,48.88,1100.0,48.85,300.0,48.84,900.0,48.83,200.0,48.94,100.0,48.95,300.0,48.96,2600.0,48.97,500.0,48.99,1500.0,HOLD
1779934425268,10:13:42,48.9,49.8,50.56,48.3,49.76,3431500.0,169300672.0,48.93,100.0,48.88,1100.0,48.85,300.0,48.84,900.0,48.83,200.0,48.94,100.0,48.95,300.0,48.96,2600.0,48.97,500.0,48.99,1500.0,HOLD
1779934428289,10:13:45,48.94,49.8,50.56,48.3,49.76,3432700.0,169359406.0,48.93,100.0,48.88,900.0,48.85,300.0,48.84,900.0,48.83,200.0,48.94,100.0,48.96,2500.0,48.97,500.0,48.99,1500.0,49.0,1500.0,HOLD
1779934430309,10:13:48,48.9,49.8,50.56,48.3,49.76,3432900.0,169369189.0,48.93,1000.0,48.9,900.0,48.88,900.0,48.85,300.0,48.84,900.0,48.94,100.0,48.96,1500.0,48.97,500.0,48.99,1500.0,49.0,1500.0,HOLD
1779934434338,10:13:51,48.94,49.8,50.56,48.3,49.76,3434300.0,169437695.0,48.9,900.0,48.88,900.0,48.86,1900.0,48.85,300.0,48.84,900.0,48.96,1500.0,48.97,500.0,48.99,1500.0,49.0,1500.0,49.02,1500.0,HOLD
1779934436349,10:13:54,48.9,49.8,50.56,48.3,49.76,3435200.0,169481705.0,48.88,900.0,48.86,1900.0,48.85,300.0,48.84,900.0,48.83,200.0,48.96,1500.0,48.97,500.0,48.99,1500.0,49.0,1500.0,49.02,1500.0,HOLD
1779934439382,10:13:57,48.86,49.8,50.56,48.3,49.76,3436800.0,169559904.0,48.86,1300.0,48.85,300.0,48.84,900.0,48.83,200.0,48.81,2800.0,48.95,300.0,48.96,3600.0,48.97,500.0,48.99,1500.0,49.0,1500.0,HOLD
1779934443441,10:14:00,48.93,49.8,50.56,48.3,49.76,3437100.0,169574576.0,48.94,6200.0,48.86,1300.0,48.85,300.0,48.84,900.0,48.83,200.0,48.95,300.0,48.96,3600.0,48.97,500.0,48.99,1500.0,49.0,1500.0,HOLD
1779934445455,10:14:03,48.94,49.8,50.56,48.3,49.76,3443400.0,169882898.0,48.86,1400.0,48.85,300.0,48.84,900.0,48.83,200.0,48.81,2800.0,48.95,300.0,48.96,3600.0,48.97,500.0,48.99,1500.0,49.0,1500.0,HOLD
1779934450493,10:14:06,48.86,49.8,50.56,48.3,49.76,3444400.0,169931795.0,48.89,1500.0,48.88,100.0,48.87,100.0,48.86,800.0,48.85,300.0,48.94,300.0,48.96,3500.0,48.97,500.0,48.99,1500.0,49.0,1500.0,HOLD
1779934452504,10:14:09,48.9,49.8,50.56,48.3,49.76,3444900.0,169956244.0,48.89,1400.0,48.88,200.0,48.86,1100.0,48.85,300.0,48.84,900.0,48.94,300.0,48.96,3500.0,48.99,1500.0,49.0,1500.0,49.02,1500.0,HOLD
1779934454522,10:14:12,48.91,49.8,50.56,48.3,49.76,3445400.0,169980705.0,48.91,200.0,48.9,2700.0,48.89,1500.0,48.88,200.0,48.87,700.0,48.94,200.0,48.96,3500.0,48.99,1500.0,49.0,1500.0,49.02,1500.0,HOLD
1779934457558,10:14:15,48.94,49.8,50.56,48.3,49.76,3445800.0,170000275.0,48.9,100.0,48.89,1500.0,48.88,200.0,48.87,800.0,48.86,1100.0,48.96,3500.0,48.99,1500.0,49.0,1500.0,49.01,100.0,49.02,1500.0,HOLD
1779934460587,10:14:18,48.96,49.8,50.56,48.3,49.76,3447200.0,170068819.0,48.94,200.0,48.9,100.0,48.89,100.0,48.88,100.0,48.87,800.0,48.99,1500.0,49.0,1500.0,49.01,100.0,49.02,1500.0,49.08,100.0,HOLD
1779934464628,10:14:21,48.96,49.8,50.56,48.3,49.76,3447200.0,170068819.0,48.94,100.0,48.9,100.0,48.89,100.0,48.88,100.0,48.87,800.0,48.99,1500.0,49.0,1500.0,49.01,100.0,49.02,1500.0,49.08,100.0,HOLD
1779934466649,10:14:24,48.94,49.8,50.56,48.3,49.76,3447400.0,170078607.0,48.9,100.0,48.89,100.0,48.88,100.0,48.87,800.0,48.86,1100.0,48.94,100.0,48.96,200.0,48.99,1500.0,49.0,1500.0,49.01,100.0,HOLD
1779934469684,10:14:27,48.94,49.8,50.56,48.3,49.76,3447400.0,170078607.0,48.9,600.0,48.89,100.0,48.88,100.0,48.87,800.0,48.86,1000.0,48.94,100.0,48.96,200.0,48.99,1500.0,49.0,1500.0,49.01,100.0,HOLD
1779934472706,10:14:30,48.96,49.8,50.56,48.3,49.76,3447800.0,170098187.0,48.9,700.0,48.89,100.0,48.88,100.0,48.87,800.0,48.86,1000.0,48.96,2000.0,48.99,1500.0,49.0,1500.0,49.01,100.0,49.02,1500.0,HOLD
1779934475726,10:14:33,48.94,49.8,50.56,48.3,49.76,3448000.0,170107971.0,48.9,600.0,48.89,100.0,48.88,100.0,48.87,800.0,48.86,1000.0,48.96,2000.0,48.99,1500.0,49.0,1500.0,49.01,100.0,49.02,1500.0,HOLD
1779934478751,10:14:36,48.93,49.8,50.56,48.3,49.76,3448400.0,170127534.0,48.9,300.0,48.89,100.0,48.88,100.0,48.87,800.0,48.86,1000.0,48.96,2000.0,48.99,1500.0,49.0,1500.0,49.01,100.0,49.02,1500.0,HOLD
1779934480776,10:14:39,48.89,49.8,50.56,48.3,49.76,3448800.0,170147093.0,48.88,100.0,48.87,800.0,48.86,1000.0,48.85,300.0,48.84,1400.0,48.96,2000.0,48.99,1500.0,49.0,1500.0,49.01,100.0,49.02,1500.0,HOLD
1779934484810,10:14:42,48.96,49.8,50.56,48.3,49.76,3456400.0,170518235.0,48.8,3800.0,48.79,3700.0,48.78,1000.0,48.76,2600.0,48.75,2700.0,48.96,1900.0,48.99,1500.0,49.0,1500.0,49.01,100.0,49.02,1500.0,HOLD
1779934487841,10:14:45,48.96,49.8,50.56,48.3,49.76,3456400.0,170518235.0,48.9,1000.0,48.83,300.0,48.8,3900.0,48.79,3700.0,48.78,1000.0,48.96,1900.0,48.99,1500.0,49.0,1500.0,49.01,100.0,49.02,1500.0,HOLD
1779934491874,10:14:48,48.9,49.8,50.56,48.3,49.76,3457400.0,170567135.0,48.88,100.0,48.87,200.0,48.83,300.0,48.81,100.0,48.8,3800.0,48.96,1900.0,48.99,1500.0,49.0,1500.0,49.01,100.0,49.02,1500.0,HOLD
1779934497933,10:14:54,48.9,49.8,50.56,48.3,49.76,3457400.0,170567135.0,48.89,100.0,48.88,200.0,48.87,200.0,48.83,300.0,48.81,100.0,48.96,1900.0,48.99,1500.0,49.0,1500.0,49.01,100.0,49.02,1500.0,HOLD
1779934499945,10:14:57,48.98,49.8,50.56,48.3,49.76,3460500.0,170718933.0,48.98,400.0,48.97,200.0,48.89,1200.0,48.88,200.0,48.87,200.0,48.99,1500.0,49.0,1500.0,49.01,100.0,49.02,1500.0,49.08,100.0,HOLD
1779934502981,10:15:00,48.96,49.8,50.56,48.3,49.76,3461300.0,170758114.0,48.89,1400.0,48.88,200.0,48.87,200.0,48.81,100.0,48.8,7200.0,48.99,1400.0,49.0,1500.0,49.01,100.0,49.02,1500.0,49.08,100.0,HOLD
1779934507018,10:15:03,48.96,49.8,50.56,48.3,49.76,3461300.0,170758114.0,48.91,400.0,48.9,100.0,48.89,1400.0,48.88,200.0,48.87,200.0,48.99,1400.0,49.0,1500.0,49.01,100.0,49.02,1500.0,49.08,100.0,HOLD
1779934510042,10:15:06,48.8,49.8,50.56,48.3,49.76,3472600.0,171309803.0,48.83,100.0,48.82,100.0,48.81,500.0,48.8,47700.0,48.79,3700.0,48.98,200.0,48.99,1200.0,49.0,1500.0,49.01,100.0,49.02,3100.0,HOLD
1779934513075,10:15:09,48.91,49.8,50.56,48.3,49.76,3473200.0,171339161.0,48.83,700.0,48.82,100.0,48.81,500.0,48.8,36400.0,48.79,3500.0,48.91,100.0,48.98,400.0,48.99,1200.0,49.0,1300.0,49.01,100.0,HOLD
1779934515095,10:15:12,48.92,49.8,50.56,48.3,49.76,3473800.0,171368512.0,48.84,1700.0,48.83,900.0,48.82,100.0,48.81,600.0,48.8,27400.0,48.92,100.0,48.98,400.0,48.99,1200.0,49.0,1300.0,49.01,100.0,HOLD
1779934517114,10:15:15,48.88,49.8,50.56,48.3,49.76,3473900.0,171373400.0,48.84,1700.0,48.83,900.0,48.82,100.0,48.81,600.0,48.8,28300.0,48.92,100.0,48.98,400.0,48.99,1200.0,49.0,1300.0,49.01,100.0,HOLD
1779934521150,10:15:18,48.88,49.8,50.56,48.3,49.76,3473900.0,171373400.0,48.84,1700.0,48.83,900.0,48.82,100.0,48.81,600.0,48.8,28300.0,48.92,600.0,48.98,400.0,48.99,1200.0,49.0,1300.0,49.01,100.0,HOLD
1779934524180,10:15:21,48.86,49.8,50.56,48.3,49.76,3476100.0,171480915.0,48.86,2300.0,48.85,400.0,48.84,1200.0,48.83,900.0,48.82,100.0,48.92,300.0,48.98,300.0,48.99,1200.0,49.0,1300.0,49.01,100.0,HOLD
1779934526201,10:15:24,48.91,49.8,50.56,48.3,49.76,3476700.0,171510264.0,48.87,900.0,48.86,300.0,48.85,200.0,48.84,200.0,48.83,900.0,48.98,300.0,48.99,1200.0,49.0,1300.0,49.01,100.0,49.02,3100.0,HOLD
1779934529222,10:15:27,48.86,49.8,50.56,48.3,49.76,3478100.0,171578677.0,48.84,300.0,48.83,900.0,48.82,100.0,48.81,600.0,48.8,27600.0,48.87,100.0,48.93,300.0,48.97,200.0,48.98,2000.0,48.99,1200.0,HOLD
1779934533264,10:15:30,48.81,49.8,50.56,48.3,49.76,3479600.0,171651921.0,48.8,1400.0,48.79,3500.0,48.78,1000.0,48.76,2600.0,48.75,2700.0,48.81,100.0,48.83,100.0,48.84,300.0,48.93,300.0,48.97,700.0,HOLD
1779934537286,10:15:33,48.78,49.8,50.56,48.3,49.76,3485500.0,171939786.0,48.76,2600.0,48.75,2700.0,48.74,600.0,48.73,500.0,48.72,1000.0,48.78,100.0,48.79,3000.0,48.93,300.0,48.94,500.0,48.97,700.0,HOLD
1779934539312,10:15:36,48.76,49.8,50.56,48.3,49.76,3488300.0,172076314.0,48.75,2800.0,48.74,600.0,48.73,500.0,48.72,1000.0,48.71,800.0,48.76,100.0,48.93,300.0,48.94,500.0,48.97,700.0,48.98,1800.0,HOLD
1779934541338,10:15:39,48.78,49.8,50.56,48.3,49.76,3500300.0,172661616.0,48.75,1300.0,48.74,600.0,48.73,500.0,48.72,1000.0,48.71,800.0,48.78,1600.0,48.83,7600.0,48.91,2100.0,48.92,500.0,48.93,300.0,HOLD
1779934544366,10:15:42,48.75,49.8,50.56,48.3,49.76,3501100.0,172700624.0,48.75,900.0,48.74,600.0,48.73,500.0,48.72,1000.0,48.71,800.0,48.83,7600.0,48.91,2100.0,48.92,400.0,48.93,300.0,48.94,500.0,HOLD
1779934547394,10:15:45,48.76,49.8,50.56,48.3,49.76,3503200.0,172802997.0,48.76,400.0,48.75,1800.0,48.73,500.0,48.72,1000.0,48.71,800.0,48.78,200.0,48.82,100.0,48.83,7600.0,48.91,2100.0,48.92,400.0,HOLD
1779934551436,10:15:48,48.75,49.8,50.56,48.3,49.76,3510700.0,173168704.0,48.72,1000.0,48.71,800.0,48.7,10100.0,48.69,100.0,48.68,1700.0,48.75,5200.0,48.76,100.0,48.77,1100.0,48.78,200.0,48.82,100.0,HOLD
1779934554469,10:15:51,48.72,49.8,50.56,48.3,49.76,3512600.0,173261333.0,48.72,800.0,48.71,800.0,48.7,10100.0,48.69,100.0,48.68,1700.0,48.76,200.0,48.82,100.0,48.83,7600.0,48.91,2100.0,48.92,400.0,HOLD
1779934556484,10:15:54,48.75,49.8,50.56,48.3,49.76,3512800.0,173271083.0,48.72,900.0,48.71,800.0,48.7,10200.0,48.69,100.0,48.68,1700.0,48.75,200.0,48.76,200.0,48.82,100.0,48.83,7600.0,48.91,2100.0,HOLD
1779934559516,10:15:57,48.75,49.8,50.56,48.3,49.76,3513800.0,173319833.0,48.73,300.0,48.72,900.0,48.71,900.0,48.7,10200.0,48.69,100.0,48.74,1700.0,48.76,200.0,48.82,100.0,48.83,7600.0,48.91,2100.0,HOLD
1779934563546,10:16:00,48.73,49.8,50.56,48.3,49.76,3514500.0,173353947.0,48.75,100.0,48.72,900.0,48.71,900.0,48.7,10400.0,48.69,100.0,48.76,200.0,48.77,100.0,48.82,100.0,48.83,7600.0,48.91,2100.0,HOLD
1779934565560,10:16:03,48.76,49.8,50.56,48.3,49.76,3515600.0,173407578.0,48.76,100.0,48.75,900.0,48.74,300.0,48.72,700.0,48.71,1200.0,48.77,100.0,48.82,100.0,48.83,7600.0,48.91,500.0,48.92,400.0,HOLD
1779934569597,10:16:06,48.83,49.8,50.56,48.3,49.76,3518000.0,173524680.0,48.78,200.0,48.77,2100.0,48.76,200.0,48.75,900.0,48.74,300.0,48.83,6800.0,48.91,100.0,48.97,100.0,48.98,200.0,48.99,1200.0,HOLD
1779934571620,10:16:09,48.78,49.8,50.56,48.3,49.76,3519200.0,173583210.0,48.82,200.0,48.81,1600.0,48.8,100.0,48.78,400.0,48.77,100.0,48.83,400.0,48.91,1000.0,48.97,100.0,48.98,200.0,48.99,1200.0,HOLD
1779934575675,10:16:12,48.83,49.8,50.56,48.3,49.76,3520300.0,173636912.0,48.81,1200.0,48.78,100.0,48.77,100.0,48.76,500.0,48.75,1900.0,48.91,1000.0,48.97,100.0,48.98,200.0,48.99,1200.0,49.0,1300.0,HOLD
1779934578707,10:16:15,48.76,49.8,50.56,48.3,49.76,3522200.0,173729619.0,48.75,1800.0,48.74,300.0,48.73,200.0,48.72,900.0,48.71,1200.0,48.77,100.0,48.81,1500.0,48.82,100.0,48.83,200.0,48.9,2800.0,HOLD
1779934581741,10:16:18,48.75,49.8,50.56,48.3,49.76,3525000.0,173866112.0,48.72,900.0,48.71,1200.0,48.7,10500.0,48.69,100.0,48.68,1700.0,48.75,300.0,48.81,1500.0,48.82,100.0,48.83,200.0,48.9,600.0,HOLD
1779934583763,10:16:21,48.77,49.8,50.56,48.3,49.76,3526000.0,173914864.0,48.73,5200.0,48.72,900.0,48.71,1300.0,48.7,10500.0,48.69,100.0,48.77,400.0,48.81,1500.0,48.82,100.0,48.83,200.0,48.9,600.0,HOLD
1779934587799,10:16:24,48.78,49.8,50.56,48.3,49.76,3528100.0,174017260.0,48.78,2700.0,48.77,600.0,48.75,300.0,48.73,200.0,48.72,900.0,48.81,700.0,48.82,100.0,48.83,200.0,48.9,600.0,48.91,1100.0,HOLD
1779934589820,10:16:27,48.81,49.8,50.56,48.3,49.76,3530800.0,174148994.0,48.8,1200.0,48.79,100.0,48.77,200.0,48.75,300.0,48.73,100.0,48.82,100.0,48.83,200.0,48.9,600.0,48.91,1100.0,48.97,100.0,HOLD
1779934591846,10:16:30,48.82,49.8,50.56,48.3,49.76,3531900.0,174202699.0,48.82,1300.0,48.77,200.0,48.75,1500.0,48.73,100.0,48.72,900.0,48.88,400.0,48.89,500.0,48.9,600.0,48.91,1100.0,48.97,100.0,HOLD
1779934595885,10:16:33,48.82,49.8,50.56,48.3,49.76,3532500.0,174231991.0,48.78,300.0,48.77,100.0,48.75,3500.0,48.73,100.0,48.72,900.0,48.82,700.0,48.88,400.0,48.89,500.0,48.9,600.0,48.91,1100.0,HOLD
1779934599908,10:16:36,48.82,49.8,50.56,48.3,49.76,3533200.0,174266165.0,48.82,100.0,48.81,400.0,48.8,100.0,48.78,300.0,48.75,3500.0,48.88,400.0,48.89,500.0,48.9,600.0,48.91,1100.0,48.97,100.0,HOLD
1779934602943,10:16:39,48.83,49.8,50.56,48.3,49.76,3533300.0,174271048.0,48.82,100.0,48.81,500.0,48.8,100.0,48.78,100.0,48.77,200.0,48.88,400.0,48.89,500.0,48.9,600.0,48.91,1100.0,48.97,100.0,HOLD
1779934604967,10:16:42,48.82,49.8,50.56,48.3,49.76,3533900.0,174300340.0,48.83,300.0,48.81,500.0,48.8,100.0,48.79,100.0,48.78,100.0,48.86,100.0,48.87,200.0,48.88,400.0,48.89,500.0,48.9,600.0,HOLD
1779934607993,10:16:45,48.81,49.8,50.56,48.3,49.76,3534800.0,174344279.0,48.79,100.0,48.78,100.0,48.77,200.0,48.76,200.0,48.75,3500.0,48.8,100.0,48.81,300.0,48.83,300.0,48.85,200.0,48.87,200.0,HOLD
1779934610002,10:16:48,48.78,49.8,50.56,48.3,49.76,3536200.0,174412593.0,48.77,200.0,48.76,200.0,48.75,3500.0,48.73,100.0,48.72,900.0,48.78,1200.0,48.82,400.0,48.83,200.0,48.85,300.0,48.87,200.0,HOLD
1779934614029,10:16:51,48.78,49.8,50.56,48.3,49.76,3536500.0,174427227.0,48.77,200.0,48.76,200.0,48.75,3500.0,48.73,100.0,48.72,900.0,48.78,900.0,48.8,100.0,48.82,400.0,48.83,200.0,48.85,300.0,HOLD
1779934616045,10:16:54,48.78,49.8,50.56,48.3,49.76,3538600.0,174529653.0,48.78,200.0,48.76,200.0,48.75,4000.0,48.73,100.0,48.72,900.0,48.82,600.0,48.83,200.0,48.85,300.0,48.86,300.0,48.87,200.0,HOLD
1779934619076,10:16:57,48.78,49.8,50.56,48.3,49.76,3539100.0,174554041.0,48.76,200.0,48.75,4000.0,48.73,100.0,48.72,900.0,48.71,1100.0,48.78,400.0,48.81,200.0,48.82,700.0,48.83,100.0,48.85,300.0,HOLD
1779934622101,10:17:00,48.8,49.8,50.56,48.3,49.76,3544400.0,174812450.0,48.72,900.0,48.71,1100.0,48.7,11200.0,48.69,100.0,48.68,1700.0,48.8,1000.0,48.81,200.0,48.82,700.0,48.83,100.0,48.85,300.0,HOLD
1779934626128,10:17:03,48.72,49.8,50.56,48.3,49.76,3548200.0,174997747.0,48.71,1100.0,48.7,11200.0,48.69,100.0,48.68,1700.0,48.67,300.0,48.72,800.0,48.79,400.0,48.8,1000.0,48.81,200.0,48.82,700.0,HOLD
1779934630167,10:17:06,48.71,49.8,50.56,48.3,49.76,3549400.0,175056200.0,48.7,11200.0,48.69,100.0,48.68,1700.0,48.67,300.0,48.66,2100.0,48.71,400.0,48.72,700.0,48.79,400.0,48.8,1000.0,48.81,200.0,HOLD
1779934632175,10:17:09,48.72,49.8,50.56,48.3,49.76,3550600.0,175114660.0,48.73,100.0,48.72,1100.0,48.7,11300.0,48.69,100.0,48.68,1700.0,48.78,100.0,48.79,400.0,48.8,1000.0,48.81,200.0,48.82,600.0,HOLD
1779934634186,10:17:12,48.73,49.8,50.56,48.3,49.76,3550800.0,175124406.0,48.72,1100.0,48.71,800.0,48.7,11300.0,48.69,200.0,48.68,1700.0,48.78,100.0,48.79,400.0,48.8,1000.0,48.81,200.0,48.82,600.0,HOLD
1779934638224,10:17:15,48.72,49.8,50.56,48.3,49.76,3554500.0,175304717.0,48.71,900.0,48.7,11400.0,48.69,200.0,48.68,1700.0,48.67,300.0,48.72,3700.0,48.78,18100.0,48.79,400.0,48.8,100.0,48.81,200.0,HOLD
1779934641257,10:17:18,48.72,49.8,50.56,48.3,49.76,3557600.0,175455749.0,48.71,1200.0,48.7,11200.0,48.69,200.0,48.68,1700.0,48.67,300.0,48.72,800.0,48.78,18400.0,48.79,400.0,48.8,100.0,48.81,200.0,HOLD
1779934644289,10:17:21,48.72,49.8,50.56,48.3,49.76,3559200.0,175533690.0,48.71,900.0,48.7,11900.0,48.69,200.0,48.68,1700.0,48.67,300.0,48.72,400.0,48.78,18400.0,48.79,400.0,48.8,100.0,48.81,200.0,HOLD
1779934647310,10:17:24,48.71,49.8,50.56,48.3,49.76,3560400.0,175592145.0,48.7,11900.0,48.69,200.0,48.68,1700.0,48.67,300.0,48.66,2100.0,48.71,300.0,48.72,100.0,48.78,18400.0,48.79,400.0,48.8,100.0,HOLD
1779934650342,10:17:27,48.72,49.8,50.56,48.3,49.76,3569500.0,176035190.0,48.72,500.0,48.7,4100.0,48.69,300.0,48.68,1700.0,48.67,300.0,48.74,400.0,48.78,18400.0,48.79,400.0,48.8,100.0,48.81,200.0,HOLD
1779934653367,10:17:30,48.72,49.8,50.56,48.3,49.76,3571300.0,176122885.0,48.71,800.0,48.7,5100.0,48.69,300.0,48.68,1700.0,48.67,400.0,48.72,1200.0,48.73,900.0,48.74,400.0,48.78,18400.0,48.79,400.0,HOLD
1779934656395,10:17:33,48.71,49.8,50.56,48.3,49.76,3571600.0,176137498.0,48.71,700.0,48.7,5100.0,48.69,300.0,48.68,1700.0,48.67,400.0,48.72,1900.0,48.73,900.0,48.74,400.0,48.78,18400.0,48.8,100.0,HOLD
1779934658406,10:17:36,48.71,49.8,50.56,48.3,49.76,3571600.0,176137498.0,48.71,900.0,48.7,5100.0,48.69,300.0,48.68,1700.0,48.67,400.0,48.72,1800.0,48.73,900.0,48.74,400.0,48.78,18400.0,48.8,100.0,HOLD
1779934661438,10:17:39,48.68,49.8,50.56,48.3,49.76,3582100.0,176648991.0,48.67,400.0,48.66,2100.0,48.65,300.0,48.64,100.0,48.63,1500.0,48.68,6100.0,48.72,800.0,48.73,900.0,48.74,400.0,48.78,18400.0,HOLD
1779934663456,10:17:42,48.68,49.8,50.56,48.3,49.76,3582300.0,176658727.0,48.67,400.0,48.66,2300.0,48.65,300.0,48.64,100.0,48.63,1500.0,48.68,5900.0,48.71,100.0,48.72,200.0,48.73,900.0,48.74,400.0,HOLD
1779934667492,10:17:45,48.68,49.8,50.56,48.3,49.76,3582700.0,176678199.0,48.67,600.0,48.66,2300.0,48.65,300.0,48.64,100.0,48.63,1500.0,48.68,6000.0,48.71,100.0,48.72,200.0,48.73,900.0,48.74,400.0,HOLD
1779934671527,10:17:48,48.67,49.8,50.56,48.3,49.76,3585300.0,176804757.0,48.66,2300.0,48.65,300.0,48.64,100.0,48.63,1500.0,48.62,100.0,48.67,700.0,48.68,4400.0,48.71,100.0,48.72,100.0,48.73,900.0,HOLD
1779934674555,10:17:51,48.67,49.8,50.56,48.3,49.76,3585300.0,176804757.0,48.66,2300.0,48.65,300.0,48.64,100.0,48.63,1500.0,48.62,100.0,48.67,2500.0,48.68,4600.0,48.72,100.0,48.73,900.0,48.74,400.0,HOLD
1779934676566,10:17:54,48.66,49.8,50.56,48.3,49.76,3587700.0,176921541.0,48.65,300.0,48.64,100.0,48.63,1500.0,48.62,100.0,48.61,100.0,48.66,200.0,48.67,3100.0,48.68,4600.0,48.72,5100.0,48.73,900.0,HOLD
1779934678584,10:17:57,48.64,49.8,50.56,48.3,49.76,3588100.0,176941000.0,48.63,1500.0,48.62,100.0,48.61,100.0,48.6,13800.0,48.58,3700.0,48.64,900.0,48.65,1000.0,48.66,200.0,48.67,3200.0,48.68,4600.0,HOLD
1779934692700,10:18:09,48.65,49.8,50.56,48.3,49.76,3591100.0,177086919.0,48.64,1600.0,48.63,900.0,48.62,200.0,48.61,100.0,48.6,13800.0,48.65,400.0,48.66,300.0,48.67,2300.0,48.68,4400.0,48.72,5100.0,HOLD
1779934695728,10:18:12,48.65,49.8,50.56,48.3,49.76,3592200.0,177140432.0,48.65,500.0,48.64,1600.0,48.63,900.0,48.62,200.0,48.61,100.0,48.66,300.0,48.67,2300.0,48.68,4400.0,48.72,5100.0,48.78,18400.0,HOLD
1779934697743,10:18:15,48.64,49.8,50.56,48.3,49.76,3594300.0,177242588.0,48.64,1700.0,48.63,900.0,48.62,200.0,48.61,100.0,48.6,13800.0,48.65,2800.0,48.66,300.0,48.67,2300.0,48.68,4700.0,48.72,5100.0,HOLD
1779934700758,10:18:18,48.64,49.8,50.56,48.3,49.76,3594400.0,177247452.0,48.64,2100.0,48.63,900.0,48.62,700.0,48.61,100.0,48.6,13800.0,48.65,2800.0,48.66,300.0,48.67,2300.0,48.68,4700.0,48.7,300.0,HOLD
1779934704781,10:18:21,48.64,49.8,50.56,48.3,49.76,3595200.0,177286365.0,48.64,1500.0,48.63,900.0,48.62,700.0,48.61,100.0,48.6,13800.0,48.65,3400.0,48.66,300.0,48.67,2300.0,48.68,4700.0,48.7,300.0,HOLD
1779934706797,10:18:24,48.63,49.8,50.56,48.3,49.76,3597700.0,177407956.0,48.62,700.0,48.61,100.0,48.6,13800.0,48.58,3700.0,48.57,1100.0,48.63,700.0,48.64,18900.0,48.65,3400.0,48.66,300.0,48.67,2300.0,HOLD
1779934710841,10:18:27,48.62,49.8,50.56,48.3,49.76,3605900.0,177806499.0,48.6,7000.0,48.58,3700.0,48.57,1100.0,48.56,1000.0,48.55,1200.0,48.62,300.0,48.63,1600.0,48.64,18900.0,48.65,3400.0,48.66,300.0,HOLD
1779934712853,10:18:30,48.6,49.8,50.56,48.3,49.76,3607600.0,177889122.0,48.6,5700.0,48.58,3800.0,48.57,1100.0,48.56,1000.0,48.55,1200.0,48.62,300.0,48.63,1600.0,48.64,18700.0,48.65,3400.0,48.66,300.0,HOLD
1779934715875,10:18:33,48.61,49.8,50.56,48.3,49.76,3607800.0,177898844.0,48.61,300.0,48.6,5700.0,48.58,3800.0,48.57,1100.0,48.56,1000.0,48.62,400.0,48.63,1600.0,48.64,18700.0,48.65,3400.0,48.67,1100.0,HOLD
1779934718902,10:18:36,48.6,49.8,50.56,48.3,49.76,3610600.0,178034927.0,48.6,3400.0,48.58,3800.0,48.57,1100.0,48.56,1000.0,48.55,1200.0,48.62,500.0,48.63,1600.0,48.64,18700.0,48.65,3400.0,48.67,1100.0,HOLD
1779934721924,10:18:39,48.6,49.8,50.56,48.3,49.76,3612000.0,178102973.0,48.6,3900.0,48.58,3800.0,48.57,1100.0,48.56,1000.0,48.55,1200.0,48.62,400.0,48.63,1600.0,48.64,18700.0,48.65,3400.0,48.67,1100.0,HOLD
1779934723938,10:18:42,48.6,49.8,50.56,48.3,49.76,3615200.0,178258495.0,48.6,1000.0,48.59,300.0,48.58,3300.0,48.57,1100.0,48.56,1000.0,48.62,300.0,48.63,1600.0,48.64,18700.0,48.65,3400.0,48.67,1100.0,HOLD
1779934728983,10:18:45,48.59,49.8,50.56,48.3,49.76,3616400.0,178316814.0,48.59,200.0,48.58,3300.0,48.57,1100.0,48.56,1000.0,48.55,1200.0,48.6,400.0,48.61,100.0,48.62,300.0,48.63,1600.0,48.64,18700.0,HOLD
1779934732001,10:18:48,48.57,49.8,50.56,48.3,49.76,3621200.0,178549992.0,48.56,1000.0,48.55,1200.0,48.53,100.0,48.52,700.0,48.51,2000.0,48.59,500.0,48.6,5800.0,48.61,100.0,48.62,200.0,48.63,1600.0,HOLD
1779934734018,10:18:51,48.56,49.8,50.56,48.3,49.76,3622200.0,178598557.0,48.56,200.0,48.55,1200.0,48.53,600.0,48.52,700.0,48.51,2000.0,48.58,400.0,48.59,1300.0,48.6,7800.0,48.61,100.0,48.62,200.0,HOLD
1779934737042,10:18:54,48.59,49.8,50.56,48.3,49.76,3622800.0,178627706.0,48.58,4500.0,48.56,300.0,48.55,1200.0,48.53,600.0,48.52,700.0,48.59,1500.0,48.6,7700.0,48.61,100.0,48.62,200.0,48.63,1600.0,HOLD
1779934739054,10:18:57,48.56,49.8,50.56,48.3,49.76,3627800.0,178870598.0,48.55,1400.0,48.53,600.0,48.52,700.0,48.51,2000.0,48.5,105700.0,48.56,5000.0,48.59,1000.0,48.6,7700.0,48.61,100.0,48.62,100.0,HOLD
1779934742085,10:19:00,48.56,49.8,50.56,48.3,49.76,3627800.0,178870598.0,48.55,1400.0,48.53,600.0,48.52,700.0,48.51,2000.0,48.5,105800.0,48.56,5000.0,48.58,1200.0,48.59,1000.0,48.6,7700.0,48.61,100.0,HOLD
1779934745111,10:19:03,48.55,49.8,50.56,48.3,49.76,3629500.0,178953144.0,48.55,800.0,48.53,600.0,48.52,900.0,48.51,2000.0,48.5,105800.0,48.56,4300.0,48.58,1200.0,48.59,900.0,48.6,7700.0,48.61,100.0,HOLD
1779934749415,10:19:06,48.55,49.8,50.56,48.3,49.76,3630900.0,179021114.0,48.53,600.0,48.52,900.0,48.51,2000.0,48.5,105700.0,48.49,400.0,48.55,17300.0,48.56,4300.0,48.58,13600.0,48.59,900.0,48.6,7700.0,HOLD
1779934752736,10:19:09,48.52,49.8,50.56,48.3,49.76,3631700.0,179059938.0,48.52,1000.0,48.51,2000.0,48.5,106300.0,48.49,400.0,48.48,2700.0,48.54,600.0,48.55,17700.0,48.56,4300.0,48.58,13600.0,48.59,900.0,HOLD
1779934755070,10:19:12,48.52,49.8,50.56,48.3,49.76,3632300.0,179089056.0,48.52,800.0,48.51,2000.0,48.5,106700.0,48.49,400.0,48.48,2700.0,48.53,2400.0,48.54,1500.0,48.55,20100.0,48.56,4800.0,48.58,13600.0,HOLD
1779934757386,10:19:15,48.52,49.8,50.56,48.3,49.76,3633400.0,179142432.0,48.52,100.0,48.51,1900.0,48.5,106100.0,48.49,400.0,48.48,2700.0,48.53,2000.0,48.54,1500.0,48.55,20000.0,48.56,4800.0,48.58,13600.0,HOLD
1779934762704,10:19:18,48.52,49.8,50.56,48.3,49.76,3635500.0,179244316.0,48.51,1200.0,48.5,106000.0,48.49,400.0,48.48,2700.0,48.47,100.0,48.52,4100.0,48.53,2000.0,48.54,1500.0,48.55,20000.0,48.56,4800.0,HOLD
1779934765002,10:19:21,48.51,49.8,50.56,48.3,49.76,3645400.0,179724762.0,48.51,900.0,48.5,106100.0,48.49,400.0,48.48,2700.0,48.47,100.0,48.52,100.0,48.55,15600.0,48.56,4800.0,48.58,13600.0,48.59,800.0,HOLD
1779934767347,10:19:24,48.55,49.8,50.56,48.3,49.76,3654200.0,180151930.0,48.54,500.0,48.52,1800.0,48.51,10400.0,48.5,106400.0,48.49,400.0,48.55,9200.0,48.56,4800.0,48.58,1200.0,48.59,800.0,48.6,5500.0,HOLD
1779934770649,10:19:27,48.55,49.8,50.56,48.3,49.76,3656100.0,180244175.0,48.54,4800.0,48.52,2100.0,48.51,11900.0,48.5,106500.0,48.49,400.0,48.55,7300.0,48.56,4800.0,48.58,1200.0,48.59,800.0,48.6,5500.0,HOLD
1779934772942,10:19:30,48.55,49.8,50.56,48.3,49.76,3657100.0,180292725.0,48.54,5100.0,48.52,800.0,48.51,11900.0,48.5,106400.0,48.49,400.0,48.55,6300.0,48.56,4800.0,48.59,800.0,48.6,5500.0,48.61,100.0,HOLD
1779934775245,10:19:33,48.54,49.8,50.56,48.3,49.76,3658400.0,180355830.0,48.54,4200.0,48.52,800.0,48.51,11900.0,48.5,106700.0,48.49,400.0,48.55,18800.0,48.56,4800.0,48.59,800.0,48.6,5500.0,48.61,100.0,HOLD
1779934779582,10:19:36,48.54,49.8,50.56,48.3,49.76,3662700.0,180564552.0,48.52,800.0,48.51,11800.0,48.5,107400.0,48.49,400.0,48.48,1700.0,48.54,5600.0,48.55,18900.0,48.56,4800.0,48.59,800.0,48.6,5500.0,HOLD
1779934781896,10:19:39,48.54,49.8,50.56,48.3,49.76,3662900.0,180574260.0,48.53,100.0,48.52,1200.0,48.51,11800.0,48.5,106400.0,48.49,400.0,48.54,5900.0,48.55,18900.0,48.56,4800.0,48.59,800.0,48.6,5500.0,HOLD
1779934785429,10:19:42,48.49,49.8,50.56,48.3,49.76,3783100.0,186404107.0,48.49,300.0,48.48,1700.0,48.47,100.0,48.46,300.0,48.45,400.0,48.5,400.0,48.52,12400.0,48.53,600.0,48.54,5900.0,48.55,18900.0,HOLD
1779934787835,10:19:45,48.52,49.8,50.56,48.3,49.76,3787800.0,186632064.0,48.48,800.0,48.47,100.0,48.46,300.0,48.45,400.0,48.44,700.0,48.52,10600.0,48.53,700.0,48.54,5900.0,48.55,18900.0,48.56,4800.0,HOLD
1779934791149,10:19:48,48.51,49.8,50.56,48.3,49.76,3787900.0,186636915.0,48.5,400.0,48.48,2000.0,48.47,200.0,48.46,300.0,48.45,400.0,48.52,10600.0,48.53,700.0,48.54,5900.0,48.55,18900.0,48.56,4800.0,HOLD
1779934794457,10:19:51,48.49,49.8,50.56,48.3,49.76,3789800.0,186729080.0,48.48,2300.0,48.47,200.0,48.46,300.0,48.45,400.0,48.44,700.0,48.49,19400.0,48.52,11700.0,48.53,700.0,48.54,5900.0,48.55,18900.0,HOLD
1779934797783,10:19:54,48.49,49.8,50.56,48.3,49.76,3791400.0,186806656.0,48.48,2000.0,48.47,200.0,48.46,600.0,48.45,400.0,48.44,700.0,48.49,18600.0,48.5,2300.0,48.52,11700.0,48.53,600.0,48.54,5900.0,HOLD
1779934800097,10:19:57,48.48,49.8,50.56,48.3,49.76,3797400.0,187097579.0,48.47,200.0,48.46,600.0,48.45,400.0,48.44,700.0,48.4,6000.0,48.48,500.0,48.49,14300.0,48.5,3300.0,48.52,11700.0,48.53,600.0,HOLD
1779934802507,10:20:00,48.49,49.8,50.56,48.3,49.76,3798000.0,187126668.0,48.48,200.0,48.47,300.0,48.46,600.0,48.45,400.0,48.44,700.0,48.49,14700.0,48.5,2600.0,48.52,11700.0,48.53,600.0,48.54,5900.0,HOLD
1779934806893,10:20:03,48.48,49.8,50.56,48.3,49.76,3799200.0,187184848.0,48.47,300.0,48.46,600.0,48.45,500.0,48.44,700.0,48.43,100.0,48.48,1900.0,48.49,14300.0,48.5,2600.0,48.52,11700.0,48.53,500.0,HOLD
1779934809422,10:20:06,48.48,49.8,50.56,48.3,49.76,3801900.0,187315733.0,48.46,600.0,48.45,500.0,48.44,700.0,48.43,100.0,48.4,6000.0,48.48,5000.0,48.49,14300.0,48.5,2600.0,48.52,9700.0,48.53,500.0,HOLD
1779934811737,10:20:09,48.48,49.8,50.56,48.3,49.76,3802600.0,187349659.0,48.47,300.0,48.46,200.0,48.45,500.0,48.44,700.0,48.43,100.0,48.48,4800.0,48.49,14300.0,48.5,2600.0,48.52,9700.0,48.53,500.0,HOLD
1779934816108,10:20:12,48.48,49.8,50.56,48.3,49.76,3803300.0,187383595.0,48.47,600.0,48.46,200.0,48.45,500.0,48.44,700.0,48.43,100.0,48.48,7000.0,48.49,14300.0,48.5,2400.0,48.52,100.0,48.53,500.0,HOLD
1779934818466,10:20:15,48.48,49.8,50.56,48.3,49.76,3806400.0,187533871.0,48.46,200.0,48.45,500.0,48.44,700.0,48.43,400.0,48.4,6000.0,48.48,4600.0,48.49,14300.0,48.5,2400.0,48.52,100.0,48.53,500.0,HOLD
1779934820818,10:20:18,48.47,49.8,50.56,48.3,49.76,3807100.0,187567801.0,48.46,400.0,48.45,500.0,48.44,700.0,48.43,400.0,48.4,6300.0,48.47,1500.0,48.48,5300.0,48.49,14300.0,48.5,2400.0,48.52,100.0,HOLD
1779934824268,10:20:21,48.47,49.8,50.56,48.3,49.76,3809300.0,187674435.0,48.46,400.0,48.45,500.0,48.44,700.0,48.43,400.0,48.4,6300.0,48.47,100.0,48.48,5300.0,48.49,14300.0,48.5,2400.0,48.52,100.0,HOLD
1779934827725,10:20:24,48.47,49.8,50.56,48.3,49.76,3809700.0,187693825.0,48.47,100.0,48.46,500.0,48.45,500.0,48.44,700.0,48.43,400.0,48.48,3100.0,48.49,500.0,48.5,2400.0,48.52,100.0,48.53,500.0,HOLD
1779934830132,10:20:27,48.47,49.8,50.56,48.3,49.76,3812900.0,187848941.0,48.47,2300.0,48.46,700.0,48.45,500.0,48.44,700.0,48.43,400.0,48.48,400.0,48.5,2100.0,48.52,100.0,48.53,500.0,48.54,5900.0,HOLD
1779934832515,10:20:30,48.49,49.8,50.56,48.3,49.76,3817600.0,188076746.0,48.48,400.0,48.47,300.0,48.46,800.0,48.45,500.0,48.44,700.0,48.49,500.0,48.5,2100.0,48.53,500.0,48.54,5900.0,48.55,5600.0,HOLD
1779934836967,10:20:33,48.46,49.8,50.56,48.3,49.76,3821200.0,188251253.0,48.45,500.0,48.44,700.0,48.43,700.0,48.41,400.0,48.4,6500.0,48.46,1200.0,48.5,2100.0,48.54,5900.0,48.55,5600.0,48.56,4800.0,HOLD
1779934839530,10:20:36,48.49,49.8,50.56,48.3,49.76,3822500.0,188314254.0,48.48,1100.0,48.47,1100.0,48.46,4300.0,48.45,500.0,48.44,700.0,48.49,900.0,48.5,2100.0,48.54,5900.0,48.55,5600.0,48.56,4800.0,HOLD
1779934842030,10:20:39,48.48,49.8,50.56,48.3,49.76,3823500.0,188362739.0,48.48,900.0,48.47,1100.0,48.46,4600.0,48.45,700.0,48.44,700.0,48.49,1300.0,48.5,2100.0,48.54,5900.0,48.55,5600.0,48.56,4800.0,HOLD
1779934845508,10:20:42,48.46,49.8,50.56,48.3,49.76,3830500.0,188701994.0,48.45,700.0,48.44,700.0,48.43,700.0,48.41,400.0,48.4,6700.0,48.46,7300.0,48.49,1700.0,48.5,2100.0,48.54,5900.0,48.55,5600.0,HOLD
1779934849066,10:20:45,48.45,49.8,50.56,48.3,49.76,3830800.0,188716531.0,48.45,600.0,48.44,700.0,48.43,700.0,48.41,400.0,48.4,6700.0,48.46,7100.0,48.48,200.0,48.49,1700.0,48.5,2300.0,48.54,5900.0,HOLD
1779934851664,10:20:48,48.46,49.8,50.56,48.3,49.76,3831400.0,188745607.0,48.45,800.0,48.44,700.0,48.43,700.0,48.41,400.0,48.4,6600.0,48.46,6500.0,48.48,200.0,48.49,900.0,48.5,2300.0,48.54,5900.0,HOLD
1779934854210,10:20:51,48.45,49.8,50.56,48.3,49.76,3833100.0,188827973.0,48.44,1900.0,48.43,700.0,48.41,800.0,48.4,6600.0,48.39,1000.0,48.45,600.0,48.46,6400.0,48.48,200.0,48.49,300.0,48.5,2300.0,HOLD
1779934856731,10:20:54,48.45,49.8,50.56,48.3,49.76,3834200.0,188881258.0,48.44,900.0,48.43,700.0,48.41,800.0,48.4,6600.0,48.39,1000.0,48.45,1700.0,48.46,7200.0,48.48,200.0,48.49,300.0,48.5,2300.0,HOLD
1779934859555,10:20:57,48.45,49.8,50.56,48.3,49.76,3835400.0,188939394.0,48.44,500.0,48.43,700.0,48.41,800.0,48.4,6600.0,48.39,1000.0,48.45,1600.0,48.46,7200.0,48.48,200.0,48.49,300.0,48.5,2300.0,HOLD
1779934863371,10:21:00,48.45,49.8,50.56,48.3,49.76,3835900.0,188963619.0,48.44,500.0,48.43,700.0,48.42,100.0,48.41,800.0,48.4,6600.0,48.45,1100.0,48.46,7200.0,48.48,200.0,48.49,300.0,48.5,2300.0,HOLD
1779934867473,10:21:03,48.43,49.8,50.56,48.3,49.76,3836700.0,189002368.0,48.43,400.0,48.42,100.0,48.41,800.0,48.4,6600.0,48.39,1000.0,48.44,1700.0,48.45,1000.0,48.46,7500.0,48.48,200.0,48.49,300.0,HOLD
1779934870191,10:21:06,48.43,49.8,50.56,48.3,49.76,3837200.0,189026583.0,48.42,100.0,48.41,800.0,48.4,6600.0,48.39,1000.0,48.38,3800.0,48.43,800.0,48.44,2000.0,48.45,1000.0,48.46,6700.0,48.48,200.0,HOLD
1779934872992,10:21:09,48.4,49.8,50.56,48.3,49.76,3843800.0,189346033.0,48.4,900.0,48.39,1000.0,48.38,3700.0,48.37,3200.0,48.36,2800.0,48.41,700.0,48.42,1700.0,48.43,12100.0,48.44,3300.0,48.45,1000.0,HOLD
1779934876885,10:21:12,48.4,49.8,50.56,48.3,49.76,3844900.0,189399273.0,48.39,1000.0,48.38,3700.0,48.37,3300.0,48.36,2800.0,48.35,9000.0,48.4,3000.0,48.41,700.0,48.42,2900.0,48.43,12100.0,48.44,3300.0,HOLD
1779934879643,10:21:15,48.27,49.8,50.56,48.27,49.76,3904400.0,192274558.0,48.26,100.0,48.25,900.0,48.23,200.0,48.22,100.0,48.2,5300.0,48.27,100.0,48.28,200.0,48.3,8000.0,48.31,62000.0,48.32,5700.0,HOLD
1779934882379,10:21:18,48.23,49.8,50.56,48.23,49.76,3907500.0,192424162.0,48.22,100.0,48.2,5300.0,48.18,2400.0,48.17,11400.0,48.16,3800.0,48.23,500.0,48.25,1400.0,48.26,900.0,48.29,2600.0,48.3,7000.0,HOLD
1779934885129,10:21:21,48.22,49.8,50.56,48.2,49.76,3912700.0,192674916.0,48.2,4900.0,48.18,2400.0,48.17,11400.0,48.16,3800.0,48.15,100.0,48.22,1400.0,48.25,500.0,48.26,1100.0,48.29,2600.0,48.3,7000.0,HOLD
1779934887865,10:21:24,48.25,49.8,50.56,48.2,49.76,3915700.0,192819602.0,48.23,6100.0,48.2,4900.0,48.18,2400.0,48.17,11400.0,48.16,3800.0,48.25,200.0,48.26,1100.0,48.29,2600.0,48.3,7000.0,48.31,62000.0,HOLD
1779934890665,10:21:27,48.25,49.8,50.56,48.2,49.76,3925800.0,193306653.0,48.22,200.0,48.2,1900.0,48.18,2300.0,48.17,11400.0,48.16,3800.0,48.25,1300.0,48.26,900.0,48.29,2600.0,48.3,7000.0,48.31,62000.0,HOLD
1779934894516,10:21:30,48.25,49.8,50.56,48.2,49.76,3926600.0,193345249.0,48.22,200.0,48.2,1900.0,48.18,2300.0,48.17,11400.0,48.16,3800.0,48.25,800.0,48.26,900.0,48.29,2600.0,48.3,7000.0,48.31,62000.0,HOLD
1779934898781,10:21:33,48.22,49.8,50.56,48.2,49.76,3928100.0,193417594.0,48.2,2400.0,48.18,2300.0,48.17,11400.0,48.16,3800.0,48.15,100.0,48.22,400.0,48.24,600.0,48.25,300.0,48.26,900.0,48.29,2600.0,HOLD
1779934901840,10:21:39,48.2,49.8,50.56,48.2,49.76,3940700.0,194025037.0,48.2,3800.0,48.18,2300.0,48.17,11400.0,48.16,3800.0,48.15,100.0,48.24,700.0,48.25,300.0,48.26,600.0,48.29,2600.0,48.3,7000.0,HOLD
1779934906656,10:21:42,48.2,49.8,50.56,48.2,49.76,3943400.0,194155195.0,48.21,100.0,48.2,2600.0,48.18,2300.0,48.17,11400.0,48.16,3900.0,48.22,600.0,48.24,400.0,48.25,300.0,48.26,600.0,48.29,2600.0,HOLD
1779934909423,10:21:45,48.31,49.8,50.56,48.2,49.76,4134900.0,203394376.0,48.3,1600.0,48.29,8100.0,48.26,4600.0,48.24,600.0,48.22,27400.0,48.31,14500.0,48.33,3200.0,48.34,12200.0,48.35,900.0,48.36,12400.0,HOLD
1779934912055,10:21:48,48.25,49.8,50.56,48.2,49.76,4150400.0,204143153.0,48.3,100.0,48.25,100.0,48.24,400.0,48.22,200.0,48.2,2300.0,48.31,1100.0,48.33,3200.0,48.34,12200.0,48.36,12400.0,48.37,12800.0,HOLD
1779934915716,10:21:51,48.3,49.8,50.56,48.2,49.76,4150500.0,204147983.0,48.26,100.0,48.25,100.0,48.24,400.0,48.22,300.0,48.21,100.0,48.3,200.0,48.31,1100.0,48.33,3200.0,48.34,12200.0,48.36,12400.0,HOLD
1779934918415,10:21:54,48.3,49.8,50.56,48.2,49.76,4150500.0,204147983.0,48.27,100.0,48.26,100.0,48.25,100.0,48.24,400.0,48.22,400.0,48.3,700.0,48.31,1100.0,48.33,3200.0,48.34,12200.0,48.36,12400.0,HOLD
1779934921115,10:21:57,48.31,49.8,50.56,48.2,49.76,4151700.0,204205945.0,48.3,100.0,48.27,2700.0,48.25,200.0,48.24,400.0,48.23,200.0,48.31,900.0,48.33,3200.0,48.34,12200.0,48.36,12400.0,48.37,12800.0,HOLD
1779934923840,10:22:00,48.3,49.8,50.56,48.2,49.76,4152100.0,204225268.0,48.3,700.0,48.27,2700.0,48.25,300.0,48.24,400.0,48.23,200.0,48.31,600.0,48.33,3200.0,48.34,12200.0,48.36,12400.0,48.37,12800.0,HOLD
1779934926484,10:22:03,48.3,49.8,50.56,48.2,49.76,4152400.0,204239758.0,48.3,700.0,48.27,2700.0,48.25,300.0,48.24,400.0,48.23,200.0,48.31,600.0,48.33,3200.0,48.34,12200.0,48.36,12400.0,48.37,12800.0,HOLD
1779934929057,10:22:06,48.27,49.8,50.56,48.2,49.76,4160400.0,204625977.0,48.26,800.0,48.25,300.0,48.24,400.0,48.23,200.0,48.22,600.0,48.27,3800.0,48.3,100.0,48.31,400.0,48.33,3200.0,48.34,12200.0,HOLD
1779934931631,10:22:09,48.27,49.8,50.56,48.2,49.76,4161900.0,204698382.0,48.26,1300.0,48.25,300.0,48.24,400.0,48.23,200.0,48.22,600.0,48.27,2300.0,48.3,100.0,48.31,400.0,48.33,3200.0,48.34,12200.0,HOLD
1779934935300,10:22:12,48.27,49.8,50.56,48.2,49.76,4165300.0,204862489.0,48.27,100.0,48.26,300.0,48.25,300.0,48.24,400.0,48.23,200.0,48.3,1500.0,48.31,400.0,48.33,3200.0,48.34,12200.0,48.36,12400.0,HOLD
1779934937972,10:22:15,48.3,49.8,50.56,48.2,49.76,4166600.0,204925246.0,48.27,900.0,48.26,500.0,48.25,300.0,48.24,400.0,48.23,200.0,48.3,1300.0,48.31,400.0,48.37,400.0,48.4,300.0,48.41,200.0,HOLD
1779934941689,10:22:18,48.27,49.8,50.56,48.2,49.76,4169500.0,205065238.0,48.26,300.0,48.25,500.0,48.24,400.0,48.23,200.0,48.22,200.0,48.27,2900.0,48.3,1000.0,48.37,400.0,48.4,300.0,48.41,200.0,HOLD
1779934944322,10:22:21,48.26,49.8,50.56,48.2,49.76,4171800.0,205176255.0,48.25,500.0,48.24,400.0,48.23,200.0,48.22,200.0,48.21,500.0,48.26,5000.0,48.27,1700.0,48.3,1000.0,48.37,400.0,48.4,200.0,HOLD
1779934948005,10:22:24,48.27,49.8,50.56,48.2,49.76,4185400.0,205832684.0,48.27,21300.0,48.26,100.0,48.25,400.0,48.24,400.0,48.23,200.0,48.3,700.0,48.37,400.0,48.4,200.0,48.41,200.0,48.42,300.0,HOLD
1779934950625,10:22:27,48.27,49.8,50.56,48.2,49.76,4185700.0,205847166.0,48.27,21100.0,48.26,100.0,48.25,1000.0,48.24,400.0,48.23,200.0,48.3,700.0,48.37,600.0,48.4,200.0,48.41,200.0,48.42,300.0,HOLD
1779934953986,10:22:30,48.3,49.8,50.56,48.2,49.76,4187000.0,205909956.0,48.3,3900.0,48.27,21100.0,48.26,400.0,48.25,1000.0,48.24,400.0,48.34,5600.0,48.37,2600.0,48.4,200.0,48.41,200.0,48.42,300.0,HOLD
1779934956500,10:22:33,48.3,49.8,50.56,48.2,49.76,4187200.0,205919616.0,48.3,4100.0,48.27,21200.0,48.26,400.0,48.25,1000.0,48.24,500.0,48.34,5600.0,48.37,2600.0,48.4,200.0,48.41,200.0,48.42,300.0,HOLD
1779934959013,10:22:36,48.3,49.8,50.56,48.2,49.76,4187300.0,205924446.0,48.3,4000.0,48.27,21200.0,48.26,100.0,48.25,1000.0,48.24,500.0,48.34,5400.0,48.37,1600.0,48.4,200.0,48.41,200.0,48.42,300.0,HOLD
1779934962534,10:22:39,48.27,49.8,50.56,48.2,49.76,4209300.0,206986510.0,48.27,3300.0,48.26,100.0,48.25,1100.0,48.24,500.0,48.23,400.0,48.3,700.0,48.32,1200.0,48.34,5400.0,48.37,1600.0,48.4,200.0,HOLD
1779934965040,10:22:42,48.3,49.8,50.56,48.2,49.76,4214300.0,207228018.0,48.3,4000.0,48.27,4600.0,48.26,200.0,48.25,1100.0,48.24,500.0,48.32,800.0,48.34,5400.0,48.37,1600.0,48.4,200.0,48.41,200.0,HOLD
1779934967559,10:22:45,48.3,49.8,50.56,48.2,49.76,4217000.0,207358436.0,48.3,3300.0,48.27,3400.0,48.26,200.0,48.25,1100.0,48.24,500.0,48.34,5200.0,48.37,1600.0,48.4,200.0,48.41,200.0,48.42,300.0,HOLD
1779934971073,10:22:48,48.3,49.8,50.56,48.2,49.76,4218000.0,207406744.0,48.3,4800.0,48.27,3400.0,48.26,200.0,48.25,1600.0,48.24,500.0,48.34,5800.0,48.37,1600.0,48.4,200.0,48.41,200.0,48.42,300.0,HOLD
1779934974596,10:22:51,48.3,49.8,50.56,48.2,49.76,4222900.0,207643414.0,48.27,3700.0,48.26,200.0,48.25,1600.0,48.24,500.0,48.23,400.0,48.3,5600.0,48.33,600.0,48.34,5800.0,48.37,1600.0,48.4,200.0,HOLD
1779934977105,10:22:54,48.3,49.8,50.56,48.2,49.76,4223200.0,207657904.0,48.27,4300.0,48.26,200.0,48.25,1600.0,48.24,500.0,48.23,400.0,48.3,5700.0,48.33,600.0,48.34,5000.0,48.37,1600.0,48.4,200.0,HOLD
1779934980617,10:22:57,48.28,49.8,50.56,48.2,49.76,4223800.0,207686880.0,48.28,9800.0,48.27,4000.0,48.26,200.0,48.25,1600.0,48.24,500.0,48.29,100.0,48.3,6300.0,48.33,600.0,48.34,5900.0,48.37,600.0,HOLD
1779934984131,10:23:00,48.3,49.8,50.56,48.2,49.76,4230200.0,207995999.0,48.3,3700.0,48.29,100.0,48.28,9800.0,48.27,3900.0,48.26,200.0,48.33,600.0,48.34,5900.0,48.37,600.0,48.4,200.0,48.41,200.0,HOLD
1779934986637,10:23:03,48.3,49.8,50.56,48.2,49.76,4230300.0,208000829.0,48.31,200.0,48.3,3700.0,48.29,100.0,48.28,9800.0,48.27,3900.0,48.33,600.0,48.34,5900.0,48.37,600.0,48.4,200.0,48.41,200.0,HOLD
1779934989143,10:23:06,48.31,49.8,50.56,48.2,49.76,4230400.0,208005660.0,48.31,100.0,48.3,5200.0,48.29,600.0,48.28,9800.0,48.27,3900.0,48.33,600.0,48.34,4400.0,48.37,600.0,48.4,200.0,48.41,200.0,HOLD
1779934991651,10:23:09,48.31,49.8,50.56,48.2,49.76,4230400.0,208005660.0,48.32,200.0,48.31,100.0,48.3,5100.0,48.29,600.0,48.28,9800.0,48.33,600.0,48.34,1000.0,48.37,600.0,48.4,200.0,48.41,200.0,HOLD
1779934995175,10:23:12,48.32,49.8,50.56,48.2,49.76,4230500.0,208010492.0,48.32,200.0,48.31,200.0,48.3,5300.0,48.29,600.0,48.28,9800.0,48.33,1100.0,48.34,1000.0,48.37,600.0,48.4,200.0,48.41,200.0,HOLD
1779934997682,10:23:15,48.33,49.8,50.56,48.2,49.76,4231600.0,208063655.0,48.32,400.0,48.31,300.0,48.3,5700.0,48.29,700.0,48.28,9800.0,48.34,1000.0,48.37,600.0,48.4,200.0,48.41,200.0,48.42,300.0,HOLD
1779935002207,10:23:18,48.34,49.8,50.56,48.2,49.76,4232400.0,208102327.0,48.33,2300.0,48.32,800.0,48.31,200.0,48.3,4700.0,48.29,700.0,48.34,100.0,48.37,600.0,48.4,200.0,48.41,200.0,48.42,300.0,HOLD
1779935004718,10:23:21,48.37,49.8,50.56,48.2,49.76,4233000.0,208131349.0,48.39,400.0,48.34,400.0,48.33,3200.0,48.32,700.0,48.31,200.0,48.41,200.0,48.42,300.0,48.48,500.0,48.49,200.0,48.5,200.0,HOLD
1779935007223,10:23:24,48.4,49.8,50.56,48.2,49.76,4237000.0,208324710.0,48.36,100.0,48.35,100.0,48.34,200.0,48.33,500.0,48.32,700.0,48.41,400.0,48.42,300.0,48.48,500.0,48.49,200.0,48.5,200.0,HOLD
1779935011738,10:23:27,48.42,49.8,50.56,48.2,49.76,4237500.0,208348916.0,48.45,100.0,48.44,200.0,48.42,100.0,48.41,100.0,48.4,30000.0,48.48,500.0,48.49,200.0,48.5,200.0,48.55,100.0,48.56,900.0,HOLD
1779935014248,10:23:30,48.45,49.8,50.56,48.2,49.76,4237600.0,208353761.0,48.42,1300.0,48.41,600.0,48.4,30100.0,48.37,300.0,48.36,100.0,48.44,100.0,48.45,100.0,48.48,500.0,48.49,200.0,48.5,200.0,HOLD
1779935016752,10:23:33,48.48,49.8,50.56,48.2,49.76,4237900.0,208368298.0,48.44,100.0,48.43,200.0,48.42,1600.0,48.41,500.0,48.4,30100.0,48.48,400.0,48.49,200.0,48.5,200.0,48.55,100.0,48.56,900.0,HOLD
1779935020264,10:23:36,48.48,49.8,50.56,48.2,49.76,4243000.0,208615532.0,48.48,500.0,48.44,1700.0,48.43,200.0,48.42,1600.0,48.41,400.0,48.49,200.0,48.5,200.0,48.55,100.0,48.56,900.0,48.6,4000.0,HOLD
1779935022774,10:23:39,48.5,49.8,50.56,48.2,49.76,4245000.0,208712516.0,48.5,600.0,48.49,100.0,48.48,100.0,48.47,300.0,48.44,1600.0,48.55,6900.0,48.56,900.0,48.6,4000.0,48.65,600.0,48.68,4200.0,HOLD
1779935025287,10:23:42,48.6,49.8,50.56,48.2,49.76,4265000.0,209684118.0,48.57,3500.0,48.56,400.0,48.51,100.0,48.5,600.0,48.49,400.0,48.59,500.0,48.6,3100.0,48.62,12400.0,48.63,33500.0,48.65,600.0,HOLD
1779935027803,10:23:45,48.57,49.8,50.56,48.2,49.76,4268800.0,209868684.0,48.56,400.0,48.55,600.0,48.51,100.0,48.5,800.0,48.48,2000.0,48.57,1300.0,48.58,700.0,48.59,500.0,48.6,3000.0,48.62,12400.0,HOLD
1779935030313,10:23:48,48.57,49.8,50.56,48.2,49.76,4272200.0,210033847.0,48.57,300.0,48.56,400.0,48.55,1000.0,48.51,100.0,48.5,800.0,48.6,2700.0,48.62,12400.0,48.63,33500.0,48.65,600.0,48.68,4200.0,HOLD
1779935034849,10:23:51,48.57,49.8,50.56,48.2,49.76,4273100.0,210077573.0,48.57,1100.0,48.56,400.0,48.55,1700.0,48.5,700.0,48.48,1100.0,48.59,1100.0,48.6,2600.0,48.62,12400.0,48.63,33500.0,48.65,600.0,HOLD
1779935037359,10:23:54,48.57,49.8,50.56,48.2,49.76,4274500.0,210145571.0,48.56,400.0,48.55,1700.0,48.5,1000.0,48.48,1100.0,48.47,300.0,48.57,600.0,48.59,1300.0,48.6,2600.0,48.62,12400.0,48.63,33500.0,HOLD
1779935039876,10:23:57,48.63,49.8,50.56,48.2,49.76,4309300.0,211837527.0,48.61,1500.0,48.6,1000.0,48.56,300.0,48.55,1300.0,48.5,1000.0,48.63,16700.0,48.65,600.0,48.68,4200.0,48.7,300.0,48.72,5000.0,HOLD
1779935044406,10:24:00,48.63,49.8,50.56,48.2,49.76,4312300.0,211983393.0,48.61,300.0,48.6,1000.0,48.56,200.0,48.55,1300.0,48.5,1000.0,48.63,15100.0,48.65,600.0,48.68,4200.0,48.7,300.0,48.72,5000.0,HOLD
1779935046909,10:24:03,48.6,49.8,50.56,48.2,49.76,4313600.0,212046576.0,48.59,200.0,48.55,1200.0,48.5,1000.0,48.48,1100.0,48.47,300.0,48.61,600.0,48.62,100.0,48.63,16900.0,48.65,600.0,48.68,4200.0,HOLD
1779935049425,10:24:06,48.63,49.8,50.56,48.2,49.76,4320300.0,212372304.0,48.57,300.0,48.56,500.0,48.55,1000.0,48.5,1100.0,48.48,1100.0,48.6,100.0,48.63,13300.0,48.65,600.0,48.68,4200.0,48.7,300.0,HOLD
1779935051937,10:24:09,48.65,49.8,50.56,48.2,49.76,4342900.0,213471507.0,48.57,200.0,48.56,500.0,48.55,1000.0,48.5,1100.0,48.48,300.0,48.68,4200.0,48.7,300.0,48.72,5000.0,48.8,300.0,48.82,400.0,HOLD
1779935056458,10:24:12,48.57,49.8,50.56,48.2,49.76,4343000.0,213476364.0,48.62,100.0,48.57,100.0,48.56,400.0,48.55,1000.0,48.5,1100.0,48.67,200.0,48.68,5400.0,48.7,300.0,48.72,5000.0,48.8,300.0,HOLD
1779935058963,10:24:15,48.57,49.8,50.56,48.2,49.76,4344500.0,213549223.0,48.56,300.0,48.55,1000.0,48.5,1100.0,48.48,300.0,48.44,600.0,48.57,3100.0,48.67,100.0,48.68,5500.0,48.7,300.0,48.72,5000.0,HOLD
1779935061468,10:24:18,48.57,49.8,50.56,48.2,49.76,4345000.0,213573506.0,48.56,100.0,48.55,1000.0,48.5,1100.0,48.48,300.0,48.44,600.0,48.57,2800.0,48.62,100.0,48.67,100.0,48.68,5500.0,48.7,300.0,HOLD
1779935063978,10:24:21,48.57,49.8,50.56,48.2,49.76,4346100.0,213626928.0,48.55,1300.0,48.5,1100.0,48.48,300.0,48.44,600.0,48.42,1200.0,48.57,2100.0,48.65,1000.0,48.67,100.0,48.68,5500.0,48.7,300.0,HOLD
1779935067495,10:24:24,48.56,49.8,50.56,48.2,49.76,4349400.0,213787195.0,48.56,4300.0,48.55,1100.0,48.5,1100.0,48.48,300.0,48.44,600.0,48.64,2400.0,48.65,1000.0,48.67,100.0,48.68,5500.0,48.7,300.0,HOLD
1779935071015,10:24:27,48.56,49.8,50.56,48.2,49.76,4351800.0,213903750.0,48.56,2600.0,48.55,1100.0,48.5,1100.0,48.48,300.0,48.44,600.0,48.57,1600.0,48.64,2300.0,48.65,1000.0,48.67,100.0,48.68,5500.0,HOLD
1779935073768,10:24:30,48.55,49.8,50.56,48.2,49.76,4355500.0,214083411.0,48.5,1200.0,48.48,300.0,48.44,600.0,48.42,1200.0,48.41,100.0,48.55,200.0,48.56,1900.0,48.57,1600.0,48.64,2300.0,48.65,1000.0,HOLD
1779935076275,10:24:33,48.5,49.8,50.56,48.2,49.76,4356100.0,214112516.0,48.5,700.0,48.48,300.0,48.44,600.0,48.42,1200.0,48.41,100.0,48.54,100.0,48.55,100.0,48.56,1900.0,48.57,1600.0,48.64,2300.0,HOLD
1779935079791,10:24:36,48.5,49.8,50.56,48.2,49.76,4356200.0,214117366.0,48.5,600.0,48.48,300.0,48.45,500.0,48.44,600.0,48.42,1200.0,48.54,100.0,48.56,1900.0,48.57,1600.0,48.64,2300.0,48.65,1000.0,HOLD
1779935082303,10:24:39,48.51,49.8,50.56,48.2,49.76,4357100.0,214161021.0,48.51,2000.0,48.5,300.0,48.48,300.0,48.45,500.0,48.44,600.0,48.53,200.0,48.54,100.0,48.56,1600.0,48.57,1600.0,48.64,2300.0,HOLD
1779935084806,10:24:42,48.51,49.8,50.56,48.2,49.76,4358100.0,214209531.0,48.51,1000.0,48.5,400.0,48.48,200.0,48.45,700.0,48.44,600.0,48.53,200.0,48.54,100.0,48.56,1600.0,48.57,1600.0,48.64,2300.0,HOLD
1779935087320,10:24:45,48.53,49.8,50.56,48.2,49.76,4358200.0,214214384.0,48.51,1200.0,48.5,600.0,48.48,200.0,48.45,700.0,48.44,600.0,48.53,100.0,48.54,100.0,48.56,1600.0,48.57,1600.0,48.64,2300.0,HOLD
1779935091853,10:24:48,48.53,49.8,50.56,48.2,49.76,4358300.0,214219237.0,48.51,1200.0,48.5,1800.0,48.48,200.0,48.45,700.0,48.44,600.0,48.54,100.0,48.56,1600.0,48.57,1600.0,48.64,2300.0,48.65,1000.0,HOLD
1779935095369,10:24:51,48.53,49.8,50.56,48.2,49.76,4358500.0,214228943.0,48.51,1400.0,48.5,1800.0,48.48,200.0,48.45,700.0,48.44,600.0,48.54,100.0,48.56,1600.0,48.57,1600.0,48.64,2300.0,48.65,1000.0,HOLD
1779935097878,10:24:54,48.52,49.8,50.56,48.2,49.76,4359000.0,214253201.0,48.51,1100.0,48.5,1800.0,48.48,200.0,48.45,700.0,48.44,600.0,48.54,300.0,48.56,1600.0,48.57,1600.0,48.64,2300.0,48.65,1000.0,HOLD
1779935100390,10:24:57,48.52,49.8,50.56,48.2,49.76,4359000.0,214253201.0,48.53,600.0,48.51,1100.0,48.5,1800.0,48.48,200.0,48.45,700.0,48.54,300.0,48.56,1600.0,48.57,1600.0,48.64,2300.0,48.65,1000.0,HOLD
1779935102897,10:25:00,48.52,49.8,50.56,48.2,49.76,4359000.0,214253201.0,48.53,600.0,48.51,1100.0,48.5,1800.0,48.48,200.0,48.45,700.0,48.54,300.0,48.56,1200.0,48.57,1600.0,48.64,2300.0,48.65,1000.0,HOLD
1779935106411,10:25:03,48.5,49.8,50.56,48.2,49.76,4363000.0,214447235.0,48.48,200.0,48.45,700.0,48.44,600.0,48.42,1200.0,48.41,100.0,48.51,10200.0,48.56,1200.0,48.57,1600.0,48.64,2300.0,48.65,1000.0,HOLD
1779935109922,10:25:06,48.5,49.8,50.56,48.2,49.76,4363000.0,214447235.0,48.48,200.0,48.45,700.0,48.44,600.0,48.42,1200.0,48.41,100.0,48.51,10500.0,48.56,1200.0,48.57,1600.0,48.64,2300.0,48.65,1000.0,HOLD
1779935112438,10:25:09,48.48,49.8,50.56,48.2,49.76,4363100.0,214452083.0,48.48,100.0,48.45,700.0,48.44,600.0,48.42,1200.0,48.41,100.0,48.5,100.0,48.51,11000.0,48.56,1200.0,48.57,1600.0,48.64,2300.0,HOLD
1779935115956,10:25:12,48.48,49.8,50.56,48.2,49.76,4364300.0,214510256.0,48.45,600.0,48.44,600.0,48.42,1200.0,48.41,100.0,48.4,3100.0,48.48,200.0,48.5,100.0,48.51,11000.0,48.56,1200.0,48.57,1600.0,HOLD
1779935118466,10:25:15,48.48,49.8,50.56,48.2,49.76,4369500.0,214762481.0,48.47,200.0,48.46,300.0,48.45,600.0,48.44,600.0,48.42,1200.0,48.48,4400.0,48.5,800.0,48.51,6700.0,48.55,100.0,48.56,1200.0,HOLD
1779935121986,10:25:18,48.48,49.8,50.56,48.2,49.76,4369600.0,214767329.0,48.47,300.0,48.46,300.0,48.45,600.0,48.44,600.0,48.42,1200.0,48.48,4300.0,48.5,800.0,48.51,6700.0,48.55,100.0,48.56,1200.0,HOLD
1779935124497,10:25:21,48.47,49.8,50.56,48.2,49.76,4370400.0,214806110.0,48.46,300.0,48.45,600.0,48.44,600.0,48.42,1200.0,48.41,100.0,48.47,2700.0,48.48,3900.0,48.5,800.0,48.51,6700.0,48.55,100.0,HOLD
1779935128019,10:25:24,48.48,49.8,50.56,48.2,49.76,4376000.0,215077571.0,48.47,2000.0,48.46,1100.0,48.45,600.0,48.44,600.0,48.42,1200.0,48.48,1000.0,48.5,800.0,48.51,6700.0,48.55,100.0,48.56,1200.0,HOLD
1779935130528,10:25:27,48.48,49.8,50.56,48.2,49.76,4378000.0,215174526.0,48.47,800.0,48.46,800.0,48.45,700.0,48.44,600.0,48.42,1200.0,48.48,2100.0,48.5,800.0,48.51,6700.0,48.55,100.0,48.56,1200.0,HOLD
1779935133042,10:25:30,48.48,49.8,50.56,48.2,49.76,4378200.0,215184221.0,48.47,1200.0,48.46,800.0,48.45,700.0,48.44,600.0,48.42,1200.0,48.48,2000.0,48.5,800.0,48.51,6700.0,48.55,100.0,48.56,1200.0,HOLD
1779935135563,10:25:33,48.47,49.8,50.56,48.2,49.76,4378800.0,215213307.0,48.47,1100.0,48.46,800.0,48.45,700.0,48.44,600.0,48.42,1200.0,48.48,1800.0,48.5,800.0,48.51,6700.0,48.55,300.0,48.56,1200.0,HOLD
1779935140085,10:25:36,48.48,49.8,50.56,48.2,49.76,4380000.0,215271481.0,48.47,1000.0,48.46,800.0,48.45,700.0,48.44,600.0,48.42,1200.0,48.48,800.0,48.5,800.0,48.51,6700.0,48.55,300.0,48.56,1200.0,HOLD
1779935142589,10:25:39,48.5,49.8,50.56,48.2,49.76,4382800.0,215407268.0,48.49,100.0,48.48,6800.0,48.47,1300.0,48.46,200.0,48.45,700.0,48.5,300.0,48.51,6300.0,48.55,300.0,48.56,1200.0,48.57,1600.0,HOLD
1779935147119,10:25:42,48.51,49.8,50.56,48.2,49.76,4383700.0,215450922.0,48.5,100.0,48.48,7000.0,48.47,1100.0,48.46,700.0,48.45,700.0,48.51,5800.0,48.55,300.0,48.56,1200.0,48.57,1600.0,48.63,1000.0,HOLD
1779935149629,10:25:45,48.5,49.8,50.56,48.2,49.76,4384500.0,215489728.0,48.5,300.0,48.49,200.0,48.48,1000.0,48.47,1100.0,48.46,700.0,48.51,5200.0,48.55,100.0,48.56,1200.0,48.57,1600.0,48.63,1000.0,HOLD
1779935152142,10:25:48,48.5,49.8,50.56,48.2,49.76,4384600.0,215494578.0,48.5,300.0,48.49,200.0,48.48,1200.0,48.47,1100.0,48.46,700.0,48.51,5200.0,48.55,100.0,48.56,1200.0,48.57,1600.0,48.63,1000.0,HOLD
1779935155960,10:25:51,48.5,49.8,50.56,48.2,49.76,4385400.0,215533378.0,48.49,100.0,48.48,1200.0,48.47,1000.0,48.46,700.0,48.45,600.0,48.5,900.0,48.51,5100.0,48.55,100.0,48.56,1200.0,48.57,1600.0,HOLD
1779935158242,10:25:54,48.51,49.8,50.56,48.2,49.76,4387600.0,215640090.0,48.5,14700.0,48.49,200.0,48.48,1200.0,48.47,900.0,48.46,700.0,48.51,3900.0,48.55,100.0,48.56,1200.0,48.57,1600.0,48.63,1000.0,HOLD
1779935160526,10:25:57,48.55,49.8,50.56,48.2,49.76,4392100.0,215858397.0,48.55,100.0,48.51,3600.0,48.5,14700.0,48.49,100.0,48.48,1200.0,48.56,1200.0,48.57,1600.0,48.63,1000.0,48.64,2300.0,48.65,1000.0,HOLD
1779935163829,10:26:00,48.55,49.8,50.56,48.2,49.76,4392700.0,215887529.0,48.51,3700.0,48.5,10000.0,48.49,100.0,48.48,1200.0,48.47,800.0,48.55,1000.0,48.56,1000.0,48.57,1600.0,48.63,1000.0,48.64,2300.0,HOLD
1779935166122,10:26:03,48.5,49.8,50.56,48.2,49.76,4394300.0,215965130.0,48.5,8500.0,48.49,300.0,48.48,1200.0,48.47,800.0,48.46,700.0,48.54,400.0,48.55,1000.0,48.56,1000.0,48.57,1600.0,48.63,1000.0,HOLD
1779935168409,10:26:06,48.49,49.8,50.56,48.2,49.76,4403800.0,216425877.0,48.48,1200.0,48.47,800.0,48.46,700.0,48.45,200.0,48.44,100.0,48.49,2300.0,48.51,1500.0,48.52,5500.0,48.54,1000.0,48.55,1000.0,HOLD
1779935174727,10:26:12,48.5,49.8,50.56,48.2,49.76,4406600.0,216561655.0,48.5,300.0,48.49,3200.0,48.48,1100.0,48.47,800.0,48.46,700.0,48.51,1200.0,48.52,5500.0,48.53,200.0,48.54,1000.0,48.55,1000.0,HOLD
1779935179032,10:26:15,48.51,49.8,50.56,48.2,49.76,4408000.0,216629570.0,48.51,1400.0,48.5,300.0,48.49,3200.0,48.48,1300.0,48.47,800.0,48.52,5400.0,48.53,200.0,48.54,1000.0,48.55,1000.0,48.56,1100.0,HOLD
1779935182316,10:26:18,48.55,49.8,50.56,48.2,49.76,4414800.0,216959534.0,48.54,200.0,48.53,200.0,48.52,3200.0,48.51,1400.0,48.5,300.0,48.55,800.0,48.56,1100.0,48.57,1600.0,48.63,1000.0,48.64,2300.0,HOLD
1779935184594,10:26:21,48.63,49.8,50.56,48.2,49.76,4418900.0,217158671.0,48.58,200.0,48.55,6100.0,48.53,200.0,48.52,3500.0,48.51,500.0,48.63,500.0,48.64,2300.0,48.65,1000.0,48.68,4300.0,48.7,500.0,HOLD
1779935188897,10:26:24,48.59,49.8,50.56,48.2,49.76,4419500.0,217187827.0,48.58,300.0,48.55,6100.0,48.53,200.0,48.52,1000.0,48.51,500.0,48.63,500.0,48.64,2300.0,48.65,1000.0,48.68,4300.0,48.7,500.0,HOLD
1779935191186,10:26:27,48.6,49.8,50.56,48.2,49.76,4419600.0,217192687.0,48.58,300.0,48.55,500.0,48.53,200.0,48.52,1000.0,48.51,500.0,48.6,200.0,48.63,500.0,48.64,2300.0,48.65,1000.0,48.68,4300.0,HOLD
1779935193464,10:26:30,48.63,49.8,50.56,48.2,49.76,4420600.0,217241307.0,48.63,400.0,48.59,100.0,48.58,300.0,48.55,500.0,48.53,200.0,48.64,2200.0,48.65,1000.0,48.68,4300.0,48.7,500.0,48.72,5000.0,HOLD
1779935195745,10:26:33,48.51,49.8,50.56,48.2,49.76,4432700.0,217829223.0,48.6,400.0,48.55,300.0,48.54,400.0,48.53,300.0,48.51,22400.0,48.64,100.0,48.65,600.0,48.68,4300.0,48.7,500.0,48.72,5000.0,HOLD
1779935199046,10:26:36,48.51,49.8,50.56,48.2,49.76,4432700.0,217829223.0,48.63,800.0,48.61,1800.0,48.6,100.0,48.55,300.0,48.54,400.0,48.64,100.0,48.65,600.0,48.68,4300.0,48.7,500.0,48.72,5000.0,HOLD
1779935202342,10:26:39,48.63,49.8,50.56,48.2,49.76,4433600.0,217872990.0,48.61,100.0,48.6,100.0,48.55,300.0,48.54,400.0,48.53,300.0,48.63,1800.0,48.64,1300.0,48.65,600.0,48.68,4300.0,48.7,500.0,HOLD
1779935208682,10:26:45,48.63,49.8,50.56,48.2,49.76,4433600.0,217872990.0,48.61,100.0,48.6,1700.0,48.55,300.0,48.54,400.0,48.53,300.0,48.63,1800.0,48.64,1300.0,48.65,600.0,48.68,4300.0,48.7,500.0,HOLD
1779935210971,10:26:48,48.63,49.8,50.56,48.2,49.76,4433900.0,217887579.0,48.61,100.0,48.6,1700.0,48.55,300.0,48.54,400.0,48.53,300.0,48.63,1700.0,48.64,1300.0,48.65,600.0,48.68,4300.0,48.7,500.0,HOLD
1779935213254,10:26:51,48.63,49.8,50.56,48.2,49.76,4434300.0,217907031.0,48.62,600.0,48.61,200.0,48.6,2200.0,48.55,1300.0,48.54,400.0,48.63,4300.0,48.64,1300.0,48.65,800.0,48.68,4300.0,48.7,500.0,HOLD
1779935217563,10:26:54,48.64,49.8,50.56,48.2,49.76,4439100.0,218140460.0,48.63,700.0,48.62,600.0,48.61,200.0,48.6,2200.0,48.55,1300.0,48.64,800.0,48.65,5300.0,48.68,4300.0,48.7,500.0,48.72,5000.0,HOLD
1779935220856,10:26:57,48.68,49.8,50.56,48.2,49.76,4449500.0,218646395.0,48.68,10300.0,48.63,1400.0,48.61,200.0,48.6,2200.0,48.56,100.0,48.7,500.0,48.72,5000.0,48.8,100.0,48.82,400.0,48.83,100.0,HOLD
1779935224158,10:27:00,48.7,49.8,50.56,48.2,49.76,4449800.0,218661005.0,48.68,10400.0,48.64,400.0,48.63,3600.0,48.61,200.0,48.6,2200.0,48.7,200.0,48.72,5000.0,48.8,100.0,48.82,400.0,48.83,100.0,HOLD
1779935227459,10:27:03,48.72,49.8,50.56,48.2,49.76,4455000.0,218914345.0,48.7,500.0,48.69,1000.0,48.68,10300.0,48.64,400.0,48.63,3100.0,48.8,200.0,48.82,400.0,48.83,100.0,48.98,200.0,49.0,2200.0,HOLD
1779935229758,10:27:06,48.8,49.8,50.56,48.2,49.76,4455500.0,218938745.0,48.8,100.0,48.7,1100.0,48.68,10400.0,48.64,400.0,48.63,3100.0,48.82,400.0,48.83,100.0,48.98,200.0,49.0,2200.0,49.01,100.0,HOLD
1779935232043,10:27:09,48.82,49.8,50.56,48.2,49.76,4455600.0,218943627.0,48.81,300.0,48.8,100.0,48.73,100.0,48.7,800.0,48.68,10400.0,48.82,300.0,48.83,100.0,48.98,200.0,49.0,1700.0,49.01,100.0,HOLD
1779935235335,10:27:12,48.82,49.8,50.56,48.2,49.76,4456100.0,218968033.0,48.8,600.0,48.76,100.0,48.73,100.0,48.7,800.0,48.68,10400.0,48.82,200.0,48.83,100.0,48.98,200.0,49.0,1700.0,49.01,100.0,HOLD
1779935237628,10:27:15,48.86,49.8,50.56,48.2,49.76,4459700.0,219143777.0,48.86,200.0,48.83,7900.0,48.8,600.0,48.76,100.0,48.73,500.0,48.87,1100.0,48.88,200.0,48.89,1200.0,48.94,2500.0,48.96,500.0,HOLD
1779935241930,10:27:18,48.86,49.8,50.56,48.2,49.76,4459900.0,219153549.0,48.83,7900.0,48.82,400.0,48.8,400.0,48.76,100.0,48.73,500.0,48.86,500.0,48.87,1100.0,48.88,200.0,48.89,1200.0,48.94,2500.0,HOLD
1779935244216,10:27:21,48.82,49.8,50.56,48.2,49.76,4469500.0,219622348.0,48.8,400.0,48.76,100.0,48.73,500.0,48.7,1100.0,48.68,10400.0,48.81,1600.0,48.82,1000.0,48.83,8300.0,48.84,4000.0,48.86,200.0,HOLD
1779935247739,10:27:24,48.8,49.8,50.56,48.2,49.76,4470000.0,219646750.0,48.8,100.0,48.76,100.0,48.73,500.0,48.7,1100.0,48.68,10400.0,48.81,2300.0,48.82,4000.0,48.83,8300.0,48.84,4000.0,48.86,200.0,HOLD
1779935251033,10:27:27,48.77,49.8,50.56,48.2,49.76,4470200.0,219656507.0,48.76,100.0,48.73,100.0,48.7,1100.0,48.68,10400.0,48.66,400.0,48.77,300.0,48.78,100.0,48.8,300.0,48.82,3800.0,48.83,7400.0,HOLD
1779935253577,10:27:30,48.76,49.8,50.56,48.2,49.76,4470300.0,219661383.0,48.76,200.0,48.73,300.0,48.7,1100.0,48.68,10400.0,48.66,400.0,48.77,300.0,48.8,1900.0,48.82,3800.0,48.83,7200.0,48.84,4000.0,HOLD
1779935255865,10:27:33,48.76,49.8,50.56,48.2,49.76,4470300.0,219661383.0,48.76,700.0,48.73,300.0,48.7,1300.0,48.68,10400.0,48.66,400.0,48.77,300.0,48.8,1900.0,48.82,3800.0,48.83,7200.0,48.84,4000.0,HOLD
1779935259163,10:27:36,48.84,49.8,50.56,48.2,49.76,4495100.0,220872385.0,48.78,800.0,48.77,100.0,48.76,4100.0,48.73,300.0,48.7,1300.0,48.88,200.0,48.94,500.0,48.95,100.0,48.96,100.0,48.98,300.0,HOLD
1779935262460,10:27:39,48.8,49.8,50.56,48.2,49.76,4495200.0,220877265.0,48.81,800.0,48.8,500.0,48.79,100.0,48.77,200.0,48.76,700.0,48.88,200.0,48.94,500.0,48.95,100.0,48.96,100.0,48.98,300.0,HOLD
1779935264748,10:27:42,48.81,49.8,50.56,48.2,49.76,4496800.0,220955493.0,48.81,100.0,48.8,100.0,48.79,100.0,48.77,200.0,48.76,800.0,48.89,200.0,48.95,100.0,48.96,100.0,48.98,300.0,49.0,1700.0,HOLD
1779935268057,10:27:45,48.88,49.8,50.56,48.2,49.76,4496900.0,220960381.0,48.8,100.0,48.79,100.0,48.77,200.0,48.76,1100.0,48.73,300.0,48.88,1100.0,48.95,100.0,48.96,100.0,48.98,300.0,49.0,1700.0,HOLD
1779935272363,10:27:48,48.88,49.8,50.56,48.2,49.76,4497400.0,220984821.0,48.8,100.0,48.79,100.0,48.77,200.0,48.76,1100.0,48.73,300.0,48.81,1100.0,48.95,100.0,48.96,100.0,48.98,300.0,49.0,1700.0,HOLD
1779935274647,10:27:51,48.81,49.8,50.56,48.2,49.76,4497500.0,220989702.0,48.79,100.0,48.77,200.0,48.76,1100.0,48.73,300.0,48.7,1300.0,48.8,1300.0,48.81,1000.0,48.95,100.0,48.96,100.0,48.98,300.0,HOLD
1779935276938,10:27:54,48.79,49.8,50.56,48.2,49.76,4497600.0,220994581.0,48.77,200.0,48.76,1100.0,48.73,300.0,48.7,1300.0,48.68,100.0,48.79,300.0,48.8,2500.0,48.81,1000.0,48.95,100.0,48.96,100.0,HOLD
1779935280232,10:27:57,48.81,49.8,50.56,48.2,49.76,4501500.0,221184905.0,48.87,4200.0,48.77,100.0,48.76,1100.0,48.73,300.0,48.7,1300.0,48.91,800.0,48.95,100.0,48.96,100.0,48.98,300.0,49.0,1700.0,HOLD
1779935282520,10:28:00,48.87,49.8,50.56,48.2,49.76,4505700.0,221390159.0,48.84,600.0,48.83,100.0,48.77,100.0,48.76,1200.0,48.73,300.0,48.86,100.0,48.88,3200.0,48.91,800.0,48.95,100.0,48.96,100.0,HOLD
1779935285825,10:28:03,48.8,49.8,50.56,48.2,49.76,4507000.0,221453626.0,48.82,200.0,48.81,600.0,48.8,200.0,48.76,1200.0,48.73,300.0,48.86,100.0,48.88,3200.0,48.9,100.0,48.91,800.0,48.95,100.0,HOLD
1779935288117,10:28:06,48.8,49.8,50.56,48.2,49.76,4507000.0,221453626.0,48.82,200.0,48.81,600.0,48.8,700.0,48.76,1200.0,48.73,300.0,48.86,100.0,48.88,3200.0,48.9,100.0,48.91,800.0,48.95,100.0,HOLD
1779935294444,10:28:12,48.8,49.8,50.56,48.2,49.76,4507000.0,221453626.0,48.83,100.0,48.82,200.0,48.81,600.0,48.8,2000.0,48.76,1200.0,48.86,100.0,48.88,3200.0,48.9,100.0,48.91,800.0,48.95,100.0,HOLD
1779935297737,10:28:15,48.86,49.8,50.56,48.2,49.76,4510900.0,221644208.0,48.86,100.0,48.83,100.0,48.82,200.0,48.8,2000.0,48.76,1200.0,48.88,800.0,48.9,100.0,48.91,800.0,48.95,100.0,48.96,100.0,HOLD
1779935301026,10:28:18,48.88,49.8,50.56,48.2,49.76,4511600.0,221678422.0,48.84,200.0,48.83,1000.0,48.82,200.0,48.8,2000.0,48.76,1200.0,48.9,100.0,48.91,800.0,48.95,100.0,48.96,100.0,48.98,300.0,HOLD
1779935304313,10:28:21,48.9,49.8,50.56,48.2,49.76,4512200.0,221707762.0,48.85,200.0,48.84,200.0,48.83,100.0,48.82,200.0,48.8,2000.0,48.88,900.0,48.91,800.0,48.95,100.0,48.96,100.0,48.98,300.0,HOLD
1779935306598,10:28:24,48.89,49.8,50.56,48.2,49.76,4513700.0,221781088.0,48.89,500.0,48.88,2700.0,48.85,200.0,48.84,200.0,48.83,100.0,48.91,800.0,48.95,100.0,48.96,100.0,48.98,300.0,49.0,1500.0,HOLD
1779935310901,10:28:27,48.91,49.8,50.56,48.2,49.76,4514500.0,221820216.0,48.91,900.0,48.89,800.0,48.88,2700.0,48.85,200.0,48.84,200.0,48.95,100.0,48.96,100.0,48.98,300.0,49.0,1500.0,49.01,100.0,HOLD
1779935313188,10:28:30,48.95,49.8,50.56,48.2,49.76,4514600.0,221825111.0,48.92,600.0,48.91,1100.0,48.89,300.0,48.88,200.0,48.85,200.0,48.96,100.0,48.98,300.0,49.0,1500.0,49.01,100.0,49.02,1700.0,HOLD
1779935315475,10:28:33,48.96,49.8,50.56,48.2,49.76,4520300.0,222104134.0,48.96,1700.0,48.89,300.0,48.88,200.0,48.85,100.0,48.84,200.0,48.98,300.0,49.0,1500.0,49.01,100.0,49.02,1700.0,49.13,5000.0,HOLD
1779935318770,10:28:36,48.96,49.8,50.56,48.2,49.76,4521600.0,222167784.0,48.96,900.0,48.89,400.0,48.88,500.0,48.85,100.0,48.84,200.0,48.97,2200.0,48.98,200.0,49.0,1500.0,49.01,100.0,49.02,1700.0,HOLD
1779935322061,10:28:39,48.96,49.8,50.56,48.2,49.76,4522300.0,222202056.0,48.89,100.0,48.88,500.0,48.85,100.0,48.84,200.0,48.83,100.0,48.96,400.0,48.97,2300.0,48.98,200.0,49.0,1500.0,49.01,100.0,HOLD
1779935324351,10:28:42,48.97,49.8,50.56,48.2,49.76,4523000.0,222236332.0,48.89,200.0,48.88,500.0,48.85,100.0,48.84,200.0,48.83,100.0,48.97,1900.0,48.98,300.0,49.0,1500.0,49.01,100.0,49.02,1700.0,HOLD
1779935329692,10:28:45,48.96,49.8,50.56,48.2,49.76,4523300.0,222251020.0,48.89,200.0,48.88,500.0,48.85,100.0,48.84,200.0,48.83,100.0,48.93,2000.0,48.96,100.0,48.97,1900.0,48.98,2200.0,49.0,1500.0,HOLD
1779935332206,10:28:48,48.92,49.8,50.56,48.2,49.76,4523500.0,222260805.0,48.89,200.0,48.88,600.0,48.84,200.0,48.83,100.0,48.82,200.0,48.92,1400.0,48.93,1900.0,48.98,2200.0,49.0,1500.0,49.01,100.0,HOLD
1779935334712,10:28:51,48.91,49.8,50.56,48.2,49.76,4523900.0,222280372.0,48.89,200.0,48.88,600.0,48.84,200.0,48.83,100.0,48.82,200.0,48.91,100.0,48.92,1100.0,48.93,900.0,48.98,2200.0,49.0,1500.0,HOLD
1779935337224,10:28:54,48.89,49.8,50.56,48.2,49.76,4526800.0,222422203.0,48.88,600.0,48.84,200.0,48.83,100.0,48.82,200.0,48.8,2300.0,48.91,100.0,48.92,1100.0,48.93,900.0,48.98,2200.0,49.0,1600.0,HOLD
1779935341745,10:28:57,48.91,49.8,50.56,48.2,49.76,4528700.0,222515085.0,48.92,200.0,48.91,5000.0,48.87,100.0,48.83,100.0,48.82,200.0,48.93,900.0,48.96,1000.0,48.98,2200.0,49.0,1600.0,49.01,100.0,HOLD
1779935344243,10:29:00,48.91,49.8,50.56,48.2,49.76,4528700.0,222515085.0,48.92,400.0,48.91,5000.0,48.83,100.0,48.82,400.0,48.8,2300.0,48.93,900.0,48.96,1000.0,48.98,2200.0,49.0,1600.0,49.01,100.0,HOLD
1779935346754,10:29:03,48.92,49.8,50.56,48.2,49.76,4529100.0,222534653.0,48.91,6000.0,48.83,100.0,48.82,400.0,48.8,2300.0,48.76,1200.0,48.92,100.0,48.93,900.0,48.96,1000.0,48.98,2200.0,49.0,1600.0,HOLD
1779935349271,10:29:06,48.92,49.8,50.56,48.2,49.76,4529100.0,222534653.0,48.91,6100.0,48.83,100.0,48.82,400.0,48.8,2300.0,48.76,1200.0,48.92,100.0,48.93,900.0,48.96,1000.0,48.98,2200.0,49.0,1600.0,HOLD
1779935352785,10:29:09,48.91,49.8,50.56,48.2,49.76,4529200.0,222539544.0,48.91,6000.0,48.83,100.0,48.82,400.0,48.8,2300.0,48.76,1200.0,48.92,100.0,48.93,900.0,48.96,1000.0,48.98,2200.0,49.0,1600.0,HOLD
1779935356294,10:29:12,48.91,49.8,50.56,48.2,49.76,4534300.0,222788985.0,48.91,900.0,48.83,100.0,48.82,400.0,48.8,2300.0,48.76,1200.0,48.92,900.0,48.93,900.0,48.96,1000.0,48.98,2200.0,49.0,1600.0,HOLD
1779935358817,10:29:15,48.83,49.8,50.56,48.2,49.76,4535800.0,222862310.0,48.83,100.0,48.82,400.0,48.8,2300.0,48.78,1500.0,48.76,1000.0,48.92,2300.0,48.93,900.0,48.96,1000.0,48.98,2200.0,49.0,1600.0,HOLD
1779935361315,10:29:18,48.83,49.8,50.56,48.2,49.76,4536900.0,222916071.0,48.83,100.0,48.82,400.0,48.8,2400.0,48.78,1500.0,48.76,1000.0,48.9,100.0,48.91,400.0,48.92,2300.0,48.93,900.0,48.96,1000.0,HOLD
1779935364834,10:29:21,48.83,49.8,50.56,48.2,49.76,4537700.0,222955177.0,48.83,100.0,48.82,500.0,48.8,2400.0,48.78,1500.0,48.76,1000.0,48.9,1100.0,48.91,500.0,48.92,2300.0,48.93,900.0,48.96,1000.0,HOLD
1779935368357,10:29:24,48.9,49.8,50.56,48.2,49.76,4537900.0,222964957.0,48.83,100.0,48.82,500.0,48.8,1900.0,48.78,1500.0,48.76,1000.0,48.9,900.0,48.91,500.0,48.92,2300.0,48.93,900.0,48.96,1000.0,HOLD
1779935370875,10:29:27,48.9,49.8,50.56,48.2,49.76,4537900.0,222964957.0,48.83,200.0,48.82,500.0,48.8,1900.0,48.78,1500.0,48.76,1000.0,48.89,500.0,48.9,900.0,48.91,500.0,48.92,1100.0,48.93,900.0,HOLD
1779935373381,10:29:30,48.89,49.8,50.56,48.2,49.76,4538700.0,223004045.0,48.83,100.0,48.82,500.0,48.8,1900.0,48.78,1500.0,48.76,1000.0,48.89,100.0,48.9,1700.0,48.91,400.0,48.92,1100.0,48.93,900.0,HOLD
1779935375890,10:29:33,48.89,49.8,50.56,48.2,49.76,4538700.0,223004045.0,48.83,100.0,48.82,200.0,48.8,1900.0,48.78,1500.0,48.76,1000.0,48.88,400.0,48.89,100.0,48.9,1700.0,48.91,400.0,48.92,1100.0,HOLD
1779935379399,10:29:36,48.83,49.8,50.56,48.2,49.76,4539200.0,223028460.0,48.82,200.0,48.8,1900.0,48.78,1500.0,48.76,1000.0,48.73,300.0,48.89,300.0,48.9,1700.0,48.91,400.0,48.92,1400.0,48.93,900.0,HOLD
1779935381907,10:29:39,48.89,49.8,50.56,48.2,49.76,4539800.0,223057794.0,48.82,200.0,48.8,1800.0,48.78,1500.0,48.76,900.0,48.73,300.0,48.88,1200.0,48.89,500.0,48.9,1700.0,48.91,400.0,48.92,1400.0,HOLD
1779935386440,10:29:42,48.87,49.8,50.56,48.2,49.76,4540000.0,223067568.0,48.82,300.0,48.8,1800.0,48.78,1500.0,48.76,1000.0,48.73,300.0,48.87,100.0,48.88,1200.0,48.89,500.0,48.9,1700.0,48.91,400.0,HOLD
1779935388950,10:29:45,48.82,49.8,50.56,48.2,49.76,4540800.0,223106649.0,48.82,100.0,48.8,1800.0,48.78,1500.0,48.76,1000.0,48.73,300.0,48.88,1200.0,48.89,500.0,48.9,1700.0,48.91,400.0,48.92,1400.0,HOLD
1779935391453,10:29:48,48.88,49.8,50.56,48.2,49.76,4541400.0,223135976.0,48.82,100.0,48.8,1800.0,48.78,1500.0,48.76,1000.0,48.73,300.0,48.87,200.0,48.88,700.0,48.89,500.0,48.9,1700.0,48.91,400.0,HOLD
1779935394963,10:29:51,48.88,49.8,50.56,48.2,49.76,4543200.0,223223895.0,48.88,100.0,48.8,3300.0,48.78,1500.0,48.76,1000.0,48.73,300.0,48.89,500.0,48.9,1700.0,48.91,400.0,48.92,1400.0,48.93,900.0,HOLD
1779935397468,10:29:54,48.82,49.8,50.56,48.2,49.76,4543700.0,223248319.0,48.82,100.0,48.81,400.0,48.8,3300.0,48.78,1500.0,48.76,1000.0,48.86,100.0,48.88,100.0,48.89,500.0,48.9,1700.0,48.91,400.0,HOLD
1779935399971,10:29:57,48.89,49.8,50.56,48.2,49.76,4544200.0,223272761.0,48.86,1000.0,48.82,100.0,48.8,3300.0,48.78,1500.0,48.76,1000.0,48.89,100.0,48.9,1700.0,48.91,400.0,48.92,1400.0,48.93,900.0,HOLD
1779935404012,10:30:00,48.91,49.8,50.56,48.2,49.76,4546900.0,223404775.0,48.9,300.0,48.89,200.0,48.87,100.0,48.86,1000.0,48.82,100.0,48.91,100.0,48.92,400.0,48.93,900.0,48.96,1000.0,48.98,300.0,HOLD
1779935406519,10:30:03,48.96,49.8,50.56,48.2,49.76,4547700.0,223443912.0,48.93,1300.0,48.91,800.0,48.89,200.0,48.82,100.0,48.8,23300.0,48.96,900.0,48.98,400.0,49.0,1700.0,49.01,300.0,49.02,1700.0,HOLD
1779935410042,10:30:06,48.95,49.8,50.56,48.2,49.76,4548600.0,223487956.0,48.94,100.0,48.91,800.0,48.89,200.0,48.82,100.0,48.8,23300.0,48.96,800.0,48.98,400.0,49.0,1700.0,49.01,300.0,49.02,1700.0,HOLD
1779935412551,10:30:09,48.96,49.8,50.56,48.2,49.76,4550900.0,223600518.0,48.91,100.0,48.9,200.0,48.89,100.0,48.82,100.0,48.8,23300.0,48.95,200.0,48.96,1900.0,48.98,400.0,49.0,1700.0,49.01,300.0,HOLD
1779935415066,10:30:12,48.94,49.8,50.56,48.2,49.76,4551400.0,223624982.0,48.93,200.0,48.92,200.0,48.91,300.0,48.89,100.0,48.82,100.0,48.94,300.0,48.95,200.0,48.96,1900.0,48.98,400.0,49.0,1700.0,HOLD
1779935421981,10:30:18,48.96,49.8,50.56,48.2,49.76,4552800.0,223693518.0,48.97,400.0,48.96,300.0,48.95,1000.0,48.94,1500.0,48.92,200.0,48.98,400.0,49.0,1700.0,49.01,300.0,49.02,1700.0,49.04,100.0,HOLD
1779935423505,10:30:21,49.0,49.8,50.56,48.2,49.76,4553300.0,223718010.0,48.99,1900.0,48.97,1100.0,48.96,1600.0,48.95,1100.0,48.94,100.0,49.0,1600.0,49.01,300.0,49.02,1700.0,49.04,100.0,49.13,5000.0,HOLD
1779935426542,10:30:24,49.01,49.8,50.56,48.2,49.76,4555100.0,223806212.0,49.0,600.0,48.99,2400.0,48.97,800.0,48.96,1700.0,48.95,1100.0,49.01,100.0,49.02,1700.0,49.04,100.0,49.13,5000.0,49.18,800.0,HOLD
1779935430588,10:30:27,49.02,49.8,50.56,48.2,49.76,4555800.0,223840525.0,49.01,2000.0,49.0,1400.0,48.99,2400.0,48.97,200.0,48.96,1500.0,49.02,1100.0,49.04,100.0,49.13,5000.0,49.18,800.0,49.2,200.0,HOLD
1779935434619,10:30:30,49.02,49.8,50.56,48.2,49.76,4557000.0,223899348.0,49.02,1900.0,49.01,1900.0,49.0,5600.0,48.99,1900.0,48.97,200.0,49.04,200.0,49.13,5000.0,49.18,800.0,49.2,200.0,49.26,500.0,HOLD
1779935436634,10:30:33,49.04,49.8,50.56,48.2,49.76,4557100.0,223904252.0,49.03,1200.0,49.02,3000.0,49.01,1200.0,49.0,5600.0,48.99,1900.0,49.04,100.0,49.13,5000.0,49.18,800.0,49.2,200.0,49.26,500.0,HOLD
1779935441679,10:30:36,49.04,49.8,50.56,48.2,49.76,4557200.0,223909156.0,49.06,800.0,49.05,1500.0,49.04,1600.0,49.03,400.0,49.02,2000.0,49.08,100.0,49.09,1000.0,49.13,5000.0,49.18,800.0,49.2,200.0,HOLD
1779935442693,10:30:39,49.09,49.8,50.56,48.2,49.76,4559000.0,223997503.0,49.07,700.0,49.06,1200.0,49.05,1600.0,49.04,9100.0,49.03,200.0,49.13,5000.0,49.18,800.0,49.2,200.0,49.26,500.0,49.29,200.0,HOLD
1779935443702,10:30:42,49.07,49.8,50.56,48.2,49.76,4564000.0,224242853.0,49.07,800.0,49.06,4200.0,49.05,1600.0,49.04,9100.0,49.03,200.0,49.13,5000.0,49.18,800.0,49.2,200.0,49.26,500.0,49.29,200.0,HOLD
1779935450769,10:30:45,49.06,49.8,50.56,48.2,49.76,4571300.0,224601047.0,49.04,8600.0,49.03,200.0,49.02,1200.0,49.01,200.0,49.0,5300.0,49.07,700.0,49.08,1700.0,49.09,200.0,49.13,5000.0,49.18,800.0,HOLD
1779935451784,10:30:48,49.04,49.8,50.56,48.2,49.76,4580400.0,225047321.0,49.03,200.0,49.02,900.0,49.01,200.0,49.0,5200.0,48.96,100.0,49.05,1700.0,49.06,1700.0,49.07,700.0,49.08,1700.0,49.09,200.0,HOLD
1779935453802,10:30:51,49.09,49.8,50.56,48.2,49.76,4590900.0,225562765.0,49.09,2300.0,49.05,800.0,49.04,600.0,49.02,900.0,49.01,200.0,49.13,900.0,49.18,800.0,49.2,200.0,49.26,500.0,49.29,200.0,HOLD
1779935457842,10:30:54,49.1,49.8,50.56,48.2,49.76,4591100.0,225572584.0,49.09,2300.0,49.05,800.0,49.04,1400.0,49.02,900.0,49.01,200.0,49.13,900.0,49.18,800.0,49.2,200.0,49.26,500.0,49.29,200.0,HOLD
1779935459848,10:30:57,49.1,49.8,50.56,48.2,49.76,4591100.0,225572584.0,49.09,2400.0,49.05,800.0,49.04,1400.0,49.02,900.0,49.01,200.0,49.13,900.0,49.18,800.0,49.2,200.0,49.26,500.0,49.29,200.0,HOLD
1779935462880,10:31:00,49.09,49.8,50.56,48.2,49.76,4592900.0,225660956.0,49.09,700.0,49.05,800.0,49.04,800.0,49.02,600.0,49.01,200.0,49.1,100.0,49.11,400.0,49.12,2700.0,49.13,900.0,49.18,800.0,HOLD
1779935465911,10:31:03,49.1,49.8,50.56,48.2,49.76,4594500.0,225739501.0,49.1,100.0,49.04,800.0,49.02,600.0,49.01,200.0,49.0,5200.0,49.11,400.0,49.12,2700.0,49.13,900.0,49.18,1400.0,49.2,200.0,HOLD
1779935468938,10:31:06,49.11,49.8,50.56,48.2,49.76,4595800.0,225803338.0,49.09,1900.0,49.06,600.0,49.04,2000.0,49.02,600.0,49.01,200.0,49.1,200.0,49.11,900.0,49.12,2700.0,49.13,900.0,49.18,1400.0,HOLD
1779935476000,10:31:09,49.1,49.8,50.56,48.2,49.76,4599000.0,225960445.0,49.07,800.0,49.06,600.0,49.04,2000.0,49.02,600.0,49.01,200.0,49.1,400.0,49.11,300.0,49.12,2700.0,49.13,1000.0,49.18,1400.0,HOLD
1779935476996,10:31:12,49.1,49.8,50.56,48.2,49.76,4620100.0,226998138.0,49.11,500.0,49.1,2600.0,49.09,1800.0,49.08,600.0,49.07,1100.0,49.24,400.0,49.25,800.0,49.26,500.0,49.29,200.0,49.33,100.0,HOLD
1779935478009,10:31:15,49.25,49.8,50.56,48.2,49.76,4620600.0,227022759.0,49.13,400.0,49.12,500.0,49.11,5100.0,49.1,2700.0,49.09,1800.0,49.25,700.0,49.26,500.0,49.29,200.0,49.33,100.0,49.4,6000.0,HOLD
1779935481040,10:31:18,49.25,49.8,50.56,48.2,49.76,4620600.0,227022759.0,49.19,500.0,49.17,100.0,49.16,600.0,49.15,100.0,49.13,400.0,49.25,700.0,49.26,500.0,49.29,200.0,49.33,100.0,49.4,6000.0,HOLD
1779935483064,10:31:21,49.29,49.8,50.56,48.2,49.76,4637100.0,227835713.0,49.29,1600.0,49.18,100.0,49.17,100.0,49.16,600.0,49.15,100.0,49.32,100.0,49.33,100.0,49.4,6000.0,49.45,1000.0,49.46,100.0,HOLD
1779935488103,10:31:24,49.46,49.8,50.56,48.2,49.76,4647500.0,228349504.0,49.44,200.0,49.34,500.0,49.33,200.0,49.32,200.0,49.29,1300.0,49.48,200.0,49.49,500.0,49.5,7800.0,49.52,100.0,49.55,100.0,HOLD
1779935491139,10:31:27,49.5,49.8,50.56,48.2,49.76,4654500.0,228695982.0,49.48,2600.0,49.46,300.0,49.37,500.0,49.33,200.0,49.32,200.0,49.5,1600.0,49.52,100.0,49.55,100.0,49.57,100.0,49.59,200.0,HOLD
1779935494172,10:31:30,49.52,49.8,50.56,48.2,49.76,4667100.0,229319398.0,49.52,4100.0,49.48,200.0,49.43,300.0,49.37,500.0,49.33,200.0,49.55,100.0,49.57,100.0,49.59,200.0,49.6,100.0,49.69,500.0,HOLD
1779935496196,10:31:33,49.48,49.8,50.56,48.2,49.76,4671400.0,229532326.0,49.43,300.0,49.37,500.0,49.32,800.0,49.29,1100.0,49.25,600.0,49.48,200.0,49.5,700.0,49.51,700.0,49.54,200.0,49.55,200.0,HOLD
1779935498219,10:31:36,49.43,49.8,50.56,48.2,49.76,4671900.0,229557047.0,49.38,900.0,49.37,500.0,49.32,800.0,49.29,1100.0,49.25,600.0,49.43,100.0,49.48,300.0,49.5,100.0,49.52,300.0,49.54,200.0,HOLD
1779935502270,10:31:39,49.38,49.8,50.56,48.2,49.76,4673100.0,229616320.0,49.42,100.0,49.41,200.0,49.38,500.0,49.32,800.0,49.29,1100.0,49.43,200.0,49.48,100.0,49.5,100.0,49.52,300.0,49.54,200.0,HOLD
1779935505302,10:31:42,49.38,49.8,50.56,48.2,49.76,4673800.0,229650908.0,49.38,400.0,49.32,800.0,49.29,1100.0,49.25,600.0,49.2,200.0,49.42,300.0,49.43,1300.0,49.46,100.0,49.48,100.0,49.5,100.0,HOLD
1779935507319,10:31:45,49.38,49.8,50.56,48.2,49.76,4673800.0,229650908.0,49.38,400.0,49.32,800.0,49.29,1100.0,49.25,500.0,49.2,200.0,49.41,100.0,49.43,1300.0,49.48,100.0,49.5,100.0,49.52,300.0,HOLD
1779935511349,10:31:48,49.41,49.8,50.56,48.2,49.76,4675100.0,229715117.0,49.33,900.0,49.32,800.0,49.29,1100.0,49.25,500.0,49.2,200.0,49.41,1400.0,49.42,300.0,49.43,1200.0,49.48,100.0,49.5,600.0,HOLD
1779935513371,10:31:51,49.38,49.8,50.56,48.2,49.76,4676000.0,229759559.0,49.33,900.0,49.32,800.0,49.25,500.0,49.2,200.0,49.16,200.0,49.37,200.0,49.38,100.0,49.41,900.0,49.42,300.0,49.43,1200.0,HOLD
1779935518412,10:31:54,49.33,49.8,50.56,48.2,49.76,4677200.0,229818772.0,49.33,600.0,49.32,800.0,49.25,500.0,49.2,200.0,49.16,200.0,49.37,200.0,49.38,300.0,49.4,200.0,49.41,900.0,49.42,300.0,HOLD
1779935520438,10:31:57,49.34,49.8,50.56,48.2,49.76,4677300.0,229823706.0,49.33,1000.0,49.32,800.0,49.25,500.0,49.18,200.0,49.16,200.0,49.34,100.0,49.35,100.0,49.36,300.0,49.38,300.0,49.4,200.0,HOLD
1779935523010,10:32:00,49.39,49.8,50.56,48.2,49.76,4680500.0,229981623.0,49.39,700.0,49.38,200.0,49.37,1000.0,49.36,300.0,49.35,1000.0,49.4,200.0,49.42,400.0,49.43,1200.0,49.45,100.0,49.48,100.0,HOLD
1779935525506,10:32:03,49.37,49.8,50.56,48.2,49.76,4681500.0,230031009.0,49.37,900.0,49.36,300.0,49.35,1000.0,49.33,1000.0,49.32,800.0,49.4,100.0,49.42,400.0,49.43,200.0,49.45,100.0,49.48,100.0,HOLD
1779935528528,10:32:06,49.37,49.8,50.56,48.2,49.76,4684000.0,230154394.0,49.33,500.0,49.32,800.0,49.25,500.0,49.18,400.0,49.16,200.0,49.37,200.0,49.39,1100.0,49.4,100.0,49.42,400.0,49.43,200.0,HOLD
1779935532568,10:32:09,49.32,49.8,50.56,48.2,49.76,4685000.0,230203725.0,49.32,500.0,49.25,500.0,49.18,400.0,49.16,200.0,49.13,400.0,49.38,300.0,49.39,1100.0,49.4,100.0,49.42,400.0,49.43,100.0,HOLD
1779935535606,10:32:12,49.38,49.8,50.56,48.2,49.76,4685500.0,230228393.0,49.32,400.0,49.25,500.0,49.18,400.0,49.16,200.0,49.13,400.0,49.33,100.0,49.37,1000.0,49.38,200.0,49.39,100.0,49.4,100.0,HOLD
1779935538626,10:32:15,49.32,49.8,50.56,48.2,49.76,4687300.0,230317171.0,49.33,2000.0,49.32,1900.0,49.23,1600.0,49.22,200.0,49.21,2100.0,49.36,100.0,49.37,1100.0,49.38,2700.0,49.39,100.0,49.4,100.0,HOLD
1779935540646,10:32:18,49.32,49.8,50.56,48.2,49.76,4687300.0,230317171.0,49.34,1100.0,49.33,2300.0,49.32,1900.0,49.23,1500.0,49.22,200.0,49.36,200.0,49.37,1300.0,49.38,2700.0,49.4,100.0,49.42,400.0,HOLD
1779935544689,10:32:21,49.38,49.8,50.56,48.2,49.76,4689400.0,230420832.0,49.34,1100.0,49.33,1000.0,49.32,1100.0,49.22,200.0,49.21,800.0,49.38,2600.0,49.4,100.0,49.42,400.0,49.43,100.0,49.45,100.0,HOLD
1779935546710,10:32:24,49.33,49.8,50.56,48.2,49.76,4691200.0,230509643.0,49.33,600.0,49.32,1200.0,49.22,200.0,49.21,800.0,49.2,200.0,49.35,1600.0,49.36,1100.0,49.38,2600.0,49.4,100.0,49.42,400.0,HOLD
1779935549729,10:32:27,49.32,49.8,50.56,48.2,49.76,4693200.0,230608292.0,49.22,300.0,49.21,800.0,49.2,200.0,49.19,200.0,49.18,200.0,49.32,300.0,49.33,200.0,49.34,2500.0,49.35,2100.0,49.36,1100.0,HOLD
1779935553772,10:32:30,49.32,49.8,50.56,48.2,49.76,4693200.0,230608292.0,49.22,1000.0,49.21,200.0,49.19,200.0,49.18,200.0,49.13,400.0,49.29,100.0,49.3,600.0,49.31,400.0,49.32,500.0,49.33,600.0,HOLD
1779935555797,10:32:33,49.32,49.8,50.56,48.2,49.76,4693200.0,230608292.0,49.22,1000.0,49.21,200.0,49.19,200.0,49.18,200.0,49.13,400.0,49.29,100.0,49.3,600.0,49.31,300.0,49.32,200.0,49.33,600.0,HOLD
1779935558815,10:32:36,49.22,49.8,50.56,48.2,49.76,4693700.0,230632902.0,49.22,500.0,49.21,200.0,49.18,200.0,49.13,400.0,49.12,200.0,49.25,600.0,49.26,800.0,49.27,500.0,49.28,100.0,49.31,200.0,HOLD
1779935561850,10:32:39,49.27,49.8,50.56,48.2,49.76,4695600.0,230726495.0,49.27,200.0,49.26,500.0,49.25,400.0,49.21,200.0,49.18,200.0,49.31,200.0,49.32,600.0,49.33,100.0,49.34,2700.0,49.35,500.0,HOLD
1779935565888,10:32:42,49.27,49.8,50.56,48.2,49.76,4695700.0,230731422.0,49.28,100.0,49.26,500.0,49.25,400.0,49.21,200.0,49.18,200.0,49.31,100.0,49.32,600.0,49.33,100.0,49.34,2700.0,49.35,500.0,HOLD
1779935571947,10:32:45,49.28,49.8,50.56,48.2,49.76,4695800.0,230736350.0,49.27,2000.0,49.26,500.0,49.25,400.0,49.21,200.0,49.18,200.0,49.31,1500.0,49.32,600.0,49.33,200.0,49.34,2700.0,49.35,500.0,HOLD
1779935572959,10:32:48,49.27,49.8,50.56,48.2,49.76,4697000.0,230795480.0,49.27,1300.0,49.26,500.0,49.25,400.0,49.21,200.0,49.18,200.0,49.3,1500.0,49.31,1600.0,49.32,600.0,49.33,500.0,49.34,2700.0,HOLD
1779935573969,10:32:51,49.28,49.8,50.56,48.2,49.76,4700300.0,230958090.0,49.26,500.0,49.21,200.0,49.18,200.0,49.17,600.0,49.13,400.0,49.28,100.0,49.29,500.0,49.3,2600.0,49.31,1400.0,49.32,400.0,HOLD
1779935577005,10:32:54,49.26,49.8,50.56,48.2,49.76,4700800.0,230982720.0,49.22,500.0,49.21,600.0,49.18,200.0,49.17,600.0,49.13,400.0,49.25,100.0,49.26,200.0,49.28,100.0,49.29,500.0,49.3,1100.0,HOLD
1779935580039,10:32:57,49.25,49.8,50.56,48.2,49.76,4701000.0,230992570.0,49.25,600.0,49.23,300.0,49.21,200.0,49.18,200.0,49.17,600.0,49.26,200.0,49.29,500.0,49.3,1300.0,49.31,1400.0,49.32,400.0,HOLD
1779935583074,10:33:00,49.23,49.8,50.56,48.2,49.76,4702200.0,231051664.0,49.21,200.0,49.18,200.0,49.17,600.0,49.13,400.0,49.1,100.0,49.23,100.0,49.25,100.0,49.26,2200.0,49.28,100.0,49.3,1300.0,HOLD
1779935586103,10:33:03,49.21,49.8,50.56,48.2,49.76,4702400.0,231061506.0,49.18,200.0,49.13,400.0,49.1,100.0,49.08,400.0,49.07,100.0,49.22,300.0,49.23,100.0,49.25,300.0,49.26,700.0,49.28,100.0,HOLD
1779935588133,10:33:06,49.18,49.8,50.56,48.2,49.76,4702500.0,231066424.0,49.18,300.0,49.13,400.0,49.1,100.0,49.08,400.0,49.07,100.0,49.22,300.0,49.23,100.0,49.26,200.0,49.3,1300.0,49.31,1400.0,HOLD
1779935592162,10:33:09,49.18,49.8,50.56,48.2,49.76,4702900.0,231086100.0,49.13,400.0,49.1,100.0,49.08,400.0,49.07,400.0,49.03,100.0,49.18,100.0,49.19,600.0,49.23,100.0,49.26,300.0,49.3,1300.0,HOLD
1779935595193,10:33:12,49.19,49.8,50.56,48.2,49.76,4705400.0,231209067.0,49.19,100.0,49.15,100.0,49.14,1500.0,49.13,400.0,49.1,100.0,49.2,300.0,49.22,100.0,49.26,300.0,49.3,1300.0,49.31,1400.0,HOLD
1779935598215,10:33:15,49.19,49.8,50.56,48.2,49.76,4705500.0,231213986.0,49.14,200.0,49.13,400.0,49.1,100.0,49.08,400.0,49.07,400.0,49.18,200.0,49.2,300.0,49.22,100.0,49.26,300.0,49.3,1100.0,HOLD
1779935604269,10:33:18,49.19,49.8,50.56,48.2,49.76,4705500.0,231213986.0,49.14,200.0,49.13,400.0,49.1,100.0,49.08,400.0,49.07,400.0,49.17,100.0,49.18,300.0,49.2,300.0,49.22,100.0,49.26,200.0,HOLD
1779935605287,10:33:21,49.17,49.8,50.56,48.2,49.76,4705800.0,231228731.0,49.13,400.0,49.1,100.0,49.08,400.0,49.07,400.0,49.03,100.0,49.18,400.0,49.19,400.0,49.2,300.0,49.26,200.0,49.3,1100.0,HOLD
1779935610336,10:33:24,49.2,49.8,50.56,48.2,49.76,4707000.0,231287753.0,49.2,1300.0,49.18,200.0,49.17,500.0,49.16,800.0,49.15,3600.0,49.26,200.0,49.3,1100.0,49.31,1400.0,49.32,200.0,49.33,300.0,HOLD
1779935611337,10:33:27,49.23,49.8,50.56,48.2,49.76,4707300.0,231302522.0,49.23,200.0,49.22,1000.0,49.21,100.0,49.2,1300.0,49.14,600.0,49.3,1100.0,49.31,1400.0,49.32,200.0,49.33,300.0,49.34,2700.0,HOLD
1779935613359,10:33:30,49.21,49.8,50.56,48.2,49.76,4708600.0,231366509.0,49.2,100.0,49.14,600.0,49.13,600.0,49.1,100.0,49.08,600.0,49.22,400.0,49.29,600.0,49.3,1200.0,49.31,1400.0,49.32,200.0,HOLD
1779935615368,10:33:33,49.2,49.8,50.56,48.2,49.76,4709400.0,231405870.0,49.14,600.0,49.13,600.0,49.1,100.0,49.08,600.0,49.07,100.0,49.22,400.0,49.23,200.0,49.29,600.0,49.3,1200.0,49.31,1400.0,HOLD
1779935618394,10:33:36,49.2,49.8,50.56,48.2,49.76,4710600.0,231464925.0,49.2,400.0,49.17,200.0,49.16,1600.0,49.15,100.0,49.14,600.0,49.23,200.0,49.29,600.0,49.3,1300.0,49.31,1400.0,49.32,200.0,HOLD
1779935621424,10:33:39,49.14,49.8,50.56,48.2,49.76,4712400.0,231553480.0,49.14,500.0,49.13,600.0,49.1,600.0,49.08,600.0,49.07,100.0,49.21,200.0,49.22,100.0,49.29,1000.0,49.3,1300.0,49.31,1400.0,HOLD
1779935625025,10:33:42,49.2,49.8,50.56,48.2,49.76,4712500.0,231558400.0,49.15,100.0,49.14,500.0,49.13,600.0,49.1,600.0,49.08,600.0,49.21,200.0,49.22,100.0,49.29,1000.0,49.3,1300.0,49.31,1400.0,HOLD
1779935628047,10:33:45,49.14,49.8,50.56,48.2,49.76,4713500.0,231607542.0,49.13,200.0,49.1,600.0,49.08,600.0,49.07,100.0,49.02,800.0,49.14,7000.0,49.2,500.0,49.21,200.0,49.22,100.0,49.29,1100.0,HOLD
1779935631083,10:33:48,49.14,49.8,50.56,48.2,49.76,4714100.0,231637024.0,49.1,600.0,49.08,600.0,49.07,100.0,49.02,800.0,49.0,5200.0,49.14,6700.0,49.15,100.0,49.2,500.0,49.21,200.0,49.22,100.0,HOLD
1779935634107,10:33:51,49.1,49.8,50.56,48.2,49.76,4714300.0,231646845.0,49.11,700.0,49.1,500.0,49.08,600.0,49.07,100.0,49.02,800.0,49.12,100.0,49.13,600.0,49.14,6700.0,49.15,100.0,49.2,500.0,HOLD
1779935637134,10:33:54,49.14,49.8,50.56,48.2,49.76,4719400.0,231897451.0,49.13,500.0,49.12,2300.0,49.1,500.0,49.08,600.0,49.07,100.0,49.14,2300.0,49.15,100.0,49.2,600.0,49.21,300.0,49.22,100.0,HOLD
1779935640155,10:33:57,49.15,49.8,50.56,48.2,49.76,4723500.0,232098936.0,49.13,800.0,49.12,2700.0,49.1,500.0,49.08,600.0,49.07,100.0,49.2,600.0,49.21,300.0,49.22,100.0,49.29,700.0,49.3,1300.0,HOLD
1779935644175,10:34:00,49.14,49.8,50.56,48.2,49.76,4725600.0,232202210.0,49.13,800.0,49.12,2200.0,49.1,500.0,49.08,600.0,49.07,100.0,49.21,100.0,49.22,100.0,49.29,700.0,49.3,1200.0,49.31,900.0,HOLD
1779935646200,10:34:03,49.15,49.8,50.56,48.2,49.76,4726100.0,232226782.0,49.12,1900.0,49.1,500.0,49.08,600.0,49.07,100.0,49.02,600.0,49.15,300.0,49.21,200.0,49.22,100.0,49.29,600.0,49.3,1200.0,HOLD
1779935648229,10:34:06,49.13,49.8,50.56,48.2,49.76,4728400.0,232339765.0,49.14,300.0,49.12,200.0,49.11,800.0,49.1,1000.0,49.08,600.0,49.15,300.0,49.21,200.0,49.22,100.0,49.29,600.0,49.3,1100.0,HOLD
