local_time_ms,server_time,price,open,high,low,prev_close,cum_volume,cum_amount,bp1,bv1,bp2,bv2,bp3,bv3,bp4,bv4,bp5,bv5,sp1,sv1,sp2,sv2,sp3,sv3,sp4,sv4,sp5,sv5,signal
1781054700123,09:24:57,41.1,0.0,0.0,0.0,41.81,0.0,0.0,41.1,20800,0.0,0,0.0,0,0.0,0,0.0,0,41.1,20800,0.0,12500,0.0,0,0.0,0,0.0,0,HOLD
1781054703111,09:25:00,41.03,41.03,41.03,41.03,41.81,25700.0,1050000.0,41.0,2600,40.98,1200,40.95,1200,40.93,2300,40.9,200,41.03,1100,41.06,5000,41.1,14600,41.3,500,41.31,200,HOLD
1781054793320,09:26:30,41.03,41.03,41.03,41.03,41.81,25700.0,1050000.0,41.0,2600,40.98,1200,40.95,1200,40.93,2300,40.9,200,41.03,1100,41.06,5000,41.1,14600,41.3,500,41.31,200,HOLD
1781054853483,09:27:30,41.03,41.03,41.03,41.03,41.81,25700.0,1050000.0,41.0,2600,40.98,1200,40.95,1200,40.93,2300,40.9,200,41.03,1100,41.06,5000,41.1,14600,41.3,500,41.31,200,HOLD
1781054913621,09:28:30,41.03,41.03,41.03,41.03,41.81,25700.0,1050000.0,41.0,2600,40.98,1200,40.95,1200,40.93,2300,40.9,200,41.03,1100,41.06,5000,41.1,14600,41.3,500,41.31,200,HOLD
1781054973823,09:29:30,41.03,41.03,41.03,41.03,41.81,25700.0,1050000.0,41.0,2600,40.98,1200,40.95,1200,40.93,2300,40.9,200,41.03,1100,41.06,5000,41.1,14600,41.3,500,41.31,200,HOLD
1781055003896,09:30:00,41.05,41.03,41.3,41.03,41.81,47200.0,1940000.0,41.03,7300,41.01,1300,41.0,18300,40.95,1200,40.94,1000,41.05,400,41.3,3100,41.31,200,41.36,3100,41.41,200,HOLD
1781055006902,09:30:03,41.02,41.03,41.3,41.0,41.81,106400.0,4370000.0,41.0,14900,40.95,1400,40.94,1400,40.93,2300,40.9,400,41.02,100,41.03,2900,41.04,2400,41.06,200,41.28,100,HOLD
1781055009915,09:30:06,41.0,41.03,41.3,40.95,41.81,127600.0,5240000.0,40.95,300,40.94,1400,40.93,2300,40.9,400,40.89,300,41.0,14600,41.01,400,41.02,400,41.03,1900,41.04,1300,HOLD
1781055012918,09:30:09,40.95,41.03,41.3,40.93,41.81,135000.0,5540000.0,40.93,1800,40.9,400,40.89,300,40.88,1600,40.85,2500,40.95,1600,40.97,100,40.98,1000,41.0,8700,41.01,400,HOLD
1781055015919,09:30:12,40.93,41.03,41.3,40.89,41.81,139300.0,5720000.0,40.88,1600,40.85,2500,40.83,100,40.8,600,40.79,100,40.93,14400,40.94,900,40.95,3900,40.98,1000,41.0,7900,HOLD
1781055018930,09:30:15,40.72,41.03,41.3,40.72,41.81,144400.0,5920000.0,40.72,800,40.71,100,40.7,5000,40.68,900,40.66,800,40.73,100,40.77,200,40.78,2200,40.86,1200,40.88,5300,HOLD
1781055021935,09:30:18,40.66,41.03,41.3,40.66,41.81,152800.0,6270000.0,40.6,500,40.55,300,40.54,1300,40.52,100,40.51,1300,40.62,200,40.72,3600,40.74,200,40.78,200,40.8,105400,HOLD
1781055024943,09:30:21,40.5,41.03,41.3,40.5,41.81,161300.0,6610000.0,40.5,300,40.4,100,40.35,200,40.33,900,40.3,100,40.55,500,40.56,200,40.57,900,40.58,300,40.59,1600,HOLD
1781055027947,09:30:24,40.44,41.03,41.3,40.33,41.81,163200.0,6690000.0,40.34,100,40.33,200,40.3,100,40.28,500,40.27,1000,40.46,100,40.49,2000,40.5,5500,40.54,500,40.55,1000,HOLD
1781055030956,09:30:27,40.23,41.03,41.3,40.23,41.81,179800.0,7360000.0,40.23,1200,40.2,2100,40.19,100,40.12,1000,40.11,700,40.49,900,40.5,4200,40.54,400,40.55,400,40.59,1600,HOLD
1781055033974,09:30:30,40.34,41.03,41.3,40.23,41.81,185900.0,7600000.0,40.29,200,40.28,900,40.23,700,40.2,2100,40.19,100,40.34,3500,40.5,3200,40.54,400,40.55,400,40.59,1600,HOLD
1781055036978,09:30:33,40.34,41.03,41.3,40.23,41.81,197900.0,8090000.0,40.34,9700,40.32,200,40.3,8300,40.29,1400,40.28,900,40.44,400,40.5,2700,40.54,400,40.59,1600,40.6,4300,HOLD
1781055039986,09:30:36,40.5,41.03,41.3,40.23,41.81,205100.0,8380000.0,40.46,400,40.44,6200,40.42,100,40.35,2100,40.34,6100,40.59,1600,40.6,6100,40.72,1600,40.78,200,40.88,4500,HOLD
1781055042992,09:30:39,40.59,41.03,41.3,40.23,41.81,215500.0,8800000.0,40.59,2100,40.52,200,40.47,3200,40.46,800,40.44,11200,40.72,1600,40.78,200,40.88,4700,40.93,5200,40.95,500,HOLD
1781055046000,09:30:42,40.72,41.03,41.3,40.23,41.81,217400.0,8880000.0,40.59,5500,40.5,3200,40.47,3100,40.46,800,40.44,13000,40.72,1500,40.78,200,40.88,4700,40.93,4400,40.95,300,HOLD
1781055049015,09:30:45,40.5,41.03,41.3,40.23,41.81,225400.0,9200000.0,40.76,7700,40.75,500,40.72,1000,40.61,200,40.6,3100,40.78,200,40.88,4700,40.93,4300,40.95,300,41.0,100,HOLD
1781055052021,09:30:48,40.59,41.03,41.3,40.23,41.81,245800.0,10030000.0,40.56,300,40.54,100,40.52,100,40.5,8000,40.47,100,40.59,2800,40.71,1400,40.75,300,40.76,4100,40.77,200,HOLD
1781055055032,09:30:51,40.72,41.03,41.3,40.23,41.81,254700.0,10390000.0,40.72,1500,40.6,100,40.59,1500,40.56,400,40.54,100,40.76,500,40.77,200,40.88,4500,40.93,4300,40.95,300,HOLD
1781055058035,09:30:54,40.77,41.03,41.3,40.23,41.81,257600.0,10510000.0,40.77,1100,40.72,2700,40.6,100,40.59,2000,40.56,400,40.88,4500,40.93,4300,40.95,300,40.99,100,41.0,100,HOLD
1781055061043,09:30:57,40.77,41.03,41.3,40.23,41.81,261200.0,10660000.0,40.72,2200,40.59,1100,40.56,400,40.54,100,40.52,100,40.77,2100,40.87,500,40.88,4500,40.93,4300,40.95,300,HOLD
1781055064052,09:31:00,40.72,41.03,41.3,40.23,41.81,271900.0,11100000.0,40.59,1100,40.56,400,40.54,200,40.52,100,40.51,500,40.72,2500,40.77,100,40.88,4300,40.93,4300,40.95,300,HOLD
1781055067055,09:31:03,40.77,41.03,41.3,40.23,41.81,284900.0,11630000.0,40.77,18400,40.72,11400,40.6,6300,40.59,1900,40.56,400,40.87,2000,40.88,7600,40.93,4300,40.95,300,40.99,100,HOLD
1781055070060,09:31:06,40.86,41.03,41.3,40.23,41.81,295000.0,12040000.0,40.78,2500,40.72,300,40.6,6500,40.59,2000,40.58,300,40.86,3600,40.87,2700,40.88,7600,40.93,4300,40.99,100,HOLD
1781055073073,09:31:09,40.77,41.03,41.3,40.23,41.81,302100.0,12330000.0,40.62,2500,40.6,7000,40.59,2000,40.58,300,40.56,400,40.77,1400,40.78,2100,40.81,200,40.82,2000,40.85,1000,HOLD
1781055076078,09:31:12,40.77,41.03,41.3,40.23,41.81,309800.0,12640000.0,40.67,100,40.63,1500,40.62,2700,40.6,7000,40.59,3400,40.77,800,40.78,2100,40.81,200,40.82,2000,40.85,500,HOLD
1781055079090,09:31:15,40.78,41.03,41.3,40.23,41.81,315300.0,12860000.0,40.78,200,40.77,100,40.76,100,40.69,400,40.68,100,40.81,200,40.82,2000,40.85,100,40.86,3300,40.87,1800,HOLD
1781055082103,09:31:18,40.86,41.03,41.3,40.23,41.81,319800.0,13050000.0,40.82,800,40.81,700,40.79,400,40.78,2600,40.77,3300,40.86,3400,40.87,1800,40.88,4100,40.99,100,41.01,200,HOLD
1781055085113,09:31:21,40.87,41.03,41.3,40.23,41.81,326400.0,13320000.0,40.81,200,40.79,400,40.78,2600,40.77,3200,40.69,100,40.86,100,40.87,1000,40.88,4100,40.99,100,41.01,200,HOLD
1781055088123,09:31:24,40.86,41.03,41.3,40.23,41.81,328000.0,13380000.0,40.81,200,40.8,200,40.78,2700,40.77,3200,40.69,100,40.86,2800,40.87,1000,40.88,4100,40.99,100,41.01,200,HOLD
1781055091134,09:31:27,40.86,41.03,41.3,40.23,41.81,329600.0,13450000.0,40.86,1500,40.81,200,40.8,500,40.78,2000,40.77,3200,40.87,1000,40.88,4100,40.99,100,41.01,200,41.02,400,HOLD
1781055094148,09:31:30,40.84,41.03,41.3,40.23,41.81,331800.0,13540000.0,40.81,200,40.8,200,40.78,2000,40.77,3400,40.76,100,40.84,100,40.86,400,40.87,700,40.88,4100,40.99,100,HOLD
1781055097145,09:31:33,40.81,41.03,41.3,40.23,41.81,333200.0,13590000.0,40.79,200,40.78,2000,40.77,4400,40.76,100,40.69,100,40.81,500,40.84,1900,40.86,600,40.87,700,40.88,4100,HOLD
1781055100149,09:31:36,40.77,41.03,41.3,40.23,41.81,336900.0,13750000.0,40.77,4000,40.76,100,40.69,100,40.67,200,40.63,1200,40.78,9100,40.81,1100,40.84,400,40.86,600,40.87,700,HOLD
1781055103162,09:31:39,40.74,41.03,41.3,40.23,41.81,341900.0,13950000.0,40.63,1200,40.62,2600,40.6,6600,40.59,2000,40.58,1000,40.74,100,40.75,1200,40.76,500,40.77,1500,40.78,9100,HOLD
1781055106170,09:31:42,40.71,41.03,41.3,40.23,41.81,342500.0,13970000.0,40.64,200,40.63,1100,40.62,2600,40.6,6600,40.59,2000,40.72,1700,40.73,100,40.74,200,40.75,900,40.76,500,HOLD
1781055109176,09:31:45,40.64,41.03,41.3,40.23,41.81,343400.0,14010000.0,40.65,200,40.64,200,40.63,1500,40.62,2600,40.61,100,40.71,100,40.72,1100,40.73,100,40.75,900,40.76,500,HOLD
1781055112178,09:31:51,40.62,41.03,41.3,40.23,41.81,349600.0,14260000.0,40.62,1500,40.61,100,40.6,6700,40.59,1100,40.58,1000,40.63,200,40.64,2400,40.65,600,40.71,100,40.73,100,HOLD
1781055118197,09:31:54,40.55,41.03,41.3,40.23,41.81,359700.0,14670000.0,40.55,500,40.52,200,40.51,3500,40.5,9500,40.46,600,40.56,500,40.57,200,40.58,200,40.59,9300,40.6,300,HOLD
1781055121202,09:31:57,40.53,41.03,41.3,40.23,41.81,366500.0,14950000.0,40.5,8700,40.46,600,40.44,5200,40.4,1300,40.37,500,40.53,1600,40.54,300,40.55,1500,40.56,600,40.57,200,HOLD
1781055124217,09:32:00,40.5,41.03,41.3,40.23,41.81,380100.0,15500000.0,40.47,800,40.46,600,40.44,5200,40.4,1300,40.37,500,40.5,200,40.51,1700,40.52,300,40.53,2700,40.54,300,HOLD
1781055127223,09:32:03,40.44,41.03,41.3,40.23,41.81,388500.0,15840000.0,40.4,1300,40.37,500,40.35,100,40.34,800,40.33,1200,40.44,3200,40.48,300,40.49,300,40.5,2400,40.51,1700,HOLD
1781055130227,09:32:06,40.42,41.03,41.3,40.23,41.81,391700.0,15970000.0,40.41,10500,40.4,1800,40.37,500,40.35,100,40.34,800,40.42,300,40.43,900,40.44,1100,40.47,800,40.5,1400,HOLD
1781055133243,09:32:09,40.45,41.03,41.3,40.23,41.81,399200.0,16270000.0,40.46,300,40.45,18200,40.44,100,40.42,1900,40.41,10600,40.47,800,40.5,1200,40.51,1700,40.53,300,40.54,300,HOLD
1781055136244,09:32:12,40.5,41.03,41.3,40.23,41.81,402800.0,16420000.0,40.47,6200,40.46,100,40.45,16800,40.44,800,40.42,4300,40.5,700,40.51,1700,40.54,300,40.55,2200,40.56,100,HOLD
1781055139260,09:32:15,40.47,41.03,41.3,40.23,41.81,410500.0,16730000.0,40.46,100,40.45,18900,40.44,800,40.42,3100,40.41,100,40.47,1100,40.48,500,40.5,900,40.51,1700,40.54,300,HOLD
1781055142270,09:32:18,40.42,41.03,41.3,40.23,41.81,435200.0,17730000.0,40.41,300,40.4,5400,40.37,800,40.35,400,40.34,800,40.42,1800,40.43,1500,40.44,800,40.46,2700,40.47,700,HOLD
1781055145270,09:32:21,40.41,41.03,41.3,40.23,41.81,438200.0,17850000.0,40.4,3500,40.37,800,40.35,400,40.34,800,40.33,1200,40.41,3200,40.42,1300,40.43,1500,40.44,800,40.46,3700,HOLD
1781055148285,09:32:24,40.41,41.03,41.3,40.23,41.81,442800.0,18030000.0,40.37,800,40.35,400,40.34,800,40.33,1200,40.32,200,40.39,1600,40.4,600,40.41,1000,40.42,2100,40.43,1400,HOLD
1781055151289,09:32:27,40.36,41.03,41.3,40.23,41.81,446200.0,18170000.0,40.35,300,40.34,800,40.33,1200,40.32,200,40.31,600,40.36,1300,40.38,400,40.4,2800,40.41,100,40.42,2400,HOLD
1781055154299,09:32:30,40.37,41.03,41.3,40.23,41.81,467600.0,19040000.0,40.37,1300,40.36,500,40.35,2000,40.34,800,40.33,1200,40.43,1000,40.44,700,40.49,2200,40.5,1200,40.51,1700,HOLD
1781055157303,09:32:33,40.43,41.03,41.3,40.23,41.81,469400.0,19110000.0,40.4,100,40.39,100,40.36,6700,40.35,2100,40.34,800,40.43,200,40.49,2200,40.5,1200,40.51,1700,40.54,300,HOLD
1781055160325,09:32:36,40.39,41.03,41.3,40.23,41.81,472100.0,19220000.0,40.38,900,40.37,1300,40.36,7100,40.35,2100,40.34,800,40.39,500,40.41,200,40.42,200,40.43,200,40.49,2200,HOLD
1781055163334,09:32:39,40.28,41.03,41.3,40.23,41.81,493100.0,20070000.0,40.27,100,40.26,1300,40.25,1300,40.24,200,40.23,7300,40.28,1400,40.33,100,40.36,800,40.37,200,40.38,200,HOLD
1781055166342,09:32:42,40.28,41.03,41.3,40.23,41.81,495300.0,20150000.0,40.27,1500,40.26,1300,40.25,1300,40.24,400,40.23,7300,40.35,1200,40.36,700,40.37,200,40.38,300,40.39,100,HOLD
1781055169359,09:32:48,40.35,41.03,41.3,40.23,41.81,507900.0,20660000.0,40.35,900,40.28,1900,40.27,400,40.26,1200,40.25,1700,40.38,3000,40.4,10500,40.41,200,40.49,2200,40.5,600,HOLD
1781055175374,09:32:51,40.28,41.03,41.3,40.23,41.81,510900.0,20780000.0,40.28,5100,40.27,400,40.26,1200,40.25,2600,40.24,500,40.4,10500,40.41,200,40.49,7200,40.5,600,40.51,100,HOLD
1781055178385,09:32:54,40.38,41.03,41.3,40.23,41.81,514500.0,20930000.0,40.38,2100,40.35,500,40.3,200,40.29,1100,40.28,6600,40.39,900,40.4,10500,40.41,200,40.49,7200,40.5,600,HOLD
1781055181401,09:33:00,40.35,41.03,41.3,40.23,41.81,536700.0,21830000.0,40.3,1700,40.29,1100,40.28,8300,40.27,1000,40.26,1200,40.35,400,40.38,3000,40.39,900,40.4,10500,40.41,200,HOLD
1781055187417,09:33:03,40.3,41.03,41.3,40.23,41.81,539200.0,21930000.0,40.29,900,40.28,8500,40.27,1000,40.26,1200,40.25,3000,40.32,1300,40.33,300,40.34,2200,40.35,100,40.37,700,HOLD
1781055190422,09:33:06,40.23,41.03,41.3,40.23,41.81,561700.0,22830000.0,40.23,1400,40.21,400,40.2,12500,40.19,600,40.18,2100,40.25,100,40.27,300,40.28,1400,40.3,1400,40.31,100,HOLD
1781055193435,09:33:12,40.24,41.03,41.3,40.23,41.81,568700.0,23110000.0,40.23,1300,40.22,100,40.21,400,40.2,12900,40.19,600,40.26,100,40.28,800,40.3,1800,40.31,100,40.35,600,HOLD
1781055199461,09:33:15,40.19,41.03,41.3,40.19,41.81,587400.0,23870000.0,40.18,2100,40.16,2200,40.15,500,40.13,1900,40.12,1000,40.19,1700,40.2,6900,40.21,400,40.23,11200,40.24,1600,HOLD
1781055202472,09:33:21,40.16,41.03,41.3,40.16,41.81,595800.0,24200000.0,40.16,400,40.15,500,40.13,1900,40.12,1000,40.11,1700,40.18,500,40.21,100,40.22,400,40.23,10700,40.24,1600,HOLD
1781055208488,09:33:24,40.18,41.03,41.3,40.16,41.81,598500.0,24310000.0,40.18,100,40.17,3100,40.16,400,40.15,800,40.13,16000,40.22,400,40.23,10700,40.24,1600,40.26,900,40.28,800,HOLD
1781055211499,09:33:27,40.19,41.03,41.3,40.16,41.81,599800.0,24360000.0,40.18,1300,40.17,3300,40.16,1100,40.15,800,40.13,16000,40.23,10600,40.24,1600,40.26,900,40.28,800,40.3,1900,HOLD
1781055214514,09:33:30,40.2,41.03,41.3,40.16,41.81,611600.0,24840000.0,40.19,1600,40.18,1800,40.17,300,40.16,2200,40.15,800,40.2,100,40.22,600,40.23,9900,40.24,1600,40.26,900,HOLD
1781055217513,09:33:33,40.22,41.03,41.3,40.16,41.81,616700.0,25040000.0,40.21,200,40.2,1200,40.19,1300,40.18,1800,40.17,300,40.23,7500,40.24,1600,40.28,800,40.3,1900,40.31,100,HOLD
1781055220518,09:33:39,40.23,41.03,41.3,40.16,41.81,623900.0,25330000.0,40.21,3800,40.2,700,40.19,2300,40.18,2300,40.17,300,40.23,6500,40.24,1600,40.28,800,40.3,1900,40.31,100,HOLD
1781055226523,09:33:42,40.22,41.03,41.3,40.16,41.81,625000.0,25380000.0,40.2,2100,40.19,2300,40.18,2300,40.17,7500,40.16,2600,40.21,500,40.22,1100,40.23,7100,40.24,1600,40.28,800,HOLD
1781055229532,09:33:45,40.13,41.03,41.3,40.13,41.81,648900.0,26340000.0,40.13,1100,40.12,1000,40.11,1700,40.1,400,40.08,100,40.14,3000,40.16,200,40.17,800,40.2,2000,40.21,6500,HOLD
1781055232534,09:33:48,40.13,41.03,41.3,40.13,41.81,652300.0,26470000.0,40.13,200,40.12,1000,40.11,1700,40.1,400,40.08,100,40.14,700,40.16,200,40.17,800,40.2,2200,40.21,500,HOLD
1781055235537,09:33:51,40.14,41.03,41.3,40.13,41.81,662100.0,26870000.0,40.13,100,40.12,1300,40.11,1700,40.1,400,40.08,100,40.2,6200,40.21,500,40.22,1600,40.23,7500,40.24,1600,HOLD
1781055238547,09:33:57,40.12,41.03,41.3,40.12,41.81,669100.0,27150000.0,40.11,1900,40.1,400,40.08,4600,40.06,600,40.05,2600,40.12,100,40.13,5900,40.18,200,40.19,100,40.2,3300,HOLD
1781055244555,09:34:00,40.15,41.03,41.3,40.12,41.81,677100.0,27470000.0,40.14,400,40.13,400,40.12,1700,40.11,16000,40.1,400,40.19,5100,40.2,3300,40.21,100,40.22,2400,40.23,6900,HOLD
1781055247557,09:34:03,40.15,41.03,41.3,40.12,41.81,678400.0,27520000.0,40.15,300,40.14,5200,40.13,600,40.12,13200,40.11,16000,40.19,4400,40.2,3300,40.21,100,40.22,1900,40.23,5900,HOLD
1781055250573,09:34:06,40.14,41.03,41.3,40.12,41.81,690200.0,27990000.0,40.12,13800,40.11,1900,40.1,1100,40.09,100,40.08,4800,40.14,12100,40.19,4200,40.2,3300,40.21,100,40.22,1900,HOLD
1781055253578,09:34:09,40.14,41.03,41.3,40.12,41.81,691300.0,28040000.0,40.13,900,40.12,13900,40.11,1900,40.1,1600,40.09,100,40.14,12600,40.19,4200,40.2,3300,40.21,100,40.22,1900,HOLD
1781055256586,09:34:12,40.14,41.03,41.3,40.12,41.81,698200.0,28320000.0,40.13,700,40.12,13700,40.11,1900,40.1,1700,40.09,100,40.14,6000,40.19,4200,40.2,3300,40.22,1900,40.23,5900,HOLD
1781055259598,09:34:15,40.14,41.03,41.3,40.12,41.81,701000.0,28430000.0,40.13,3200,40.12,13700,40.11,1900,40.1,1700,40.08,4800,40.14,1600,40.19,4200,40.2,3900,40.22,1900,40.23,800,HOLD
1781055262600,09:34:18,40.13,41.03,41.3,40.12,41.81,704400.0,28560000.0,40.13,1800,40.12,14600,40.11,1900,40.1,1700,40.08,4800,40.14,900,40.15,100,40.19,4200,40.2,3900,40.22,1900,HOLD
1781055265605,09:34:21,40.14,41.03,41.3,40.12,41.81,705400.0,28600000.0,40.14,2000,40.13,2000,40.12,14600,40.11,1900,40.1,1700,40.15,100,40.19,4200,40.2,3900,40.22,1100,40.23,800,HOLD
1781055268606,09:34:24,40.13,41.03,41.3,40.12,41.81,714100.0,28950000.0,40.12,15700,40.11,1900,40.1,1700,40.08,300,40.06,600,40.13,10200,40.15,400,40.18,300,40.19,4200,40.2,1400,HOLD
1781055271609,09:34:27,40.19,41.03,41.3,40.12,41.81,737400.0,29890000.0,40.19,2700,40.18,1500,40.15,6900,40.14,1000,40.13,6300,40.21,100,40.22,1300,40.23,500,40.24,1600,40.25,300,HOLD
1781055274629,09:34:30,40.28,41.03,41.3,40.12,41.81,743900.0,30150000.0,40.27,1800,40.26,800,40.25,1800,40.22,1200,40.21,100,40.34,100,40.37,500,40.38,100,40.4,500,40.41,200,HOLD
1781055277636,09:34:33,40.33,41.03,41.3,40.12,41.81,758500.0,30740000.0,40.32,100,40.3,200,40.26,200,40.25,700,40.22,1100,40.33,8200,40.34,100,40.37,500,40.38,100,40.4,500,HOLD
1781055280643,09:34:36,40.34,41.03,41.3,40.12,41.81,769600.0,31190000.0,40.35,100,40.34,100,40.33,300,40.31,100,40.26,200,40.37,500,40.38,100,40.4,500,40.41,200,40.43,300,HOLD
1781055283659,09:34:42,40.37,41.03,41.3,40.12,41.81,793300.0,32140000.0,40.43,5300,40.37,300,40.35,100,40.34,3800,40.33,7400,40.5,2200,40.51,100,40.55,500,40.61,100,40.63,400,HOLD
1781055286665,09:34:45,40.43,41.03,41.3,40.12,41.81,794200.0,32180000.0,40.43,4900,40.38,1000,40.37,1000,40.35,100,40.34,3800,40.5,1100,40.51,100,40.55,500,40.61,100,40.63,400,HOLD
1781055289669,09:34:48,40.5,41.03,41.3,40.12,41.81,795200.0,32220000.0,40.47,600,40.43,4700,40.4,1000,40.38,1000,40.37,1700,40.5,400,40.51,100,40.55,500,40.61,100,40.63,400,HOLD
1781055295687,09:34:51,40.5,41.03,41.3,40.12,41.81,797100.0,32300000.0,40.5,47700,40.43,1500,40.4,1500,40.38,1000,40.37,1800,40.55,400,40.61,100,40.63,400,40.65,20000,40.71,100,HOLD
1781055298703,09:34:57,40.61,41.03,41.3,40.12,41.81,799000.0,32370000.0,40.61,1100,40.55,800,40.53,800,40.51,700,40.5,50100,40.63,400,40.65,20000,40.71,100,40.74,100,40.77,800,HOLD
1781055301742,09:35:00,40.63,41.03,41.3,40.12,41.81,800500.0,32440000.0,40.55,2300,40.53,800,40.51,1200,40.5,50200,40.43,300,40.63,400,40.65,20000,40.71,100,40.74,100,40.77,800,HOLD
1781055307737,09:35:03,40.6,41.03,41.3,40.12,41.81,804700.0,32610000.0,40.54,200,40.53,800,40.52,600,40.51,500,40.5,49900,40.61,1600,40.63,300,40.65,20000,40.71,100,40.74,100,HOLD
1781055310749,09:35:09,40.54,41.03,41.3,40.12,41.81,812700.0,32930000.0,40.53,1800,40.52,600,40.51,2000,40.5,52000,40.43,100,40.54,3700,40.57,100,40.6,1400,40.61,3200,40.63,300,HOLD
1781055313749,09:35:12,40.53,41.03,41.3,40.12,41.81,815800.0,33060000.0,40.52,300,40.51,1800,40.5,52200,40.43,100,40.4,1600,40.53,4600,40.54,4400,40.57,100,40.6,1400,40.61,3200,HOLD
1781055316765,09:35:15,40.52,41.03,41.3,40.12,41.81,816200.0,33070000.0,40.51,1800,40.5,52100,40.43,100,40.4,2100,40.38,100,40.53,10300,40.54,4500,40.57,100,40.6,1500,40.61,3200,HOLD
1781055322779,09:35:21,40.48,41.03,41.3,40.12,41.81,831100.0,33680000.0,40.47,2800,40.46,1900,40.45,6900,40.43,100,40.4,2100,40.48,1400,40.49,1900,40.5,400,40.51,5300,40.52,4000,HOLD
1781055328801,09:35:24,40.48,41.03,41.3,40.12,41.81,832700.0,33740000.0,40.47,1700,40.46,2100,40.45,5900,40.43,100,40.4,1100,40.48,1200,40.49,9600,40.51,6300,40.52,4000,40.53,4300,HOLD
1781055331814,09:35:30,40.51,41.03,41.3,40.12,41.81,849300.0,34410000.0,40.5,1500,40.49,4400,40.48,5900,40.47,11300,40.46,7900,40.51,5800,40.52,3000,40.53,4800,40.54,4500,40.57,100,HOLD
1781055337860,09:35:33,40.48,41.03,41.3,40.12,41.81,868800.0,35200000.0,40.48,300,40.47,11300,40.46,7900,40.45,6000,40.43,100,40.5,400,40.51,3000,40.52,3000,40.53,4800,40.54,4500,HOLD
1781055340843,09:35:36,40.51,41.03,41.3,40.12,41.81,869400.0,35230000.0,40.48,1600,40.47,11300,40.46,7900,40.45,6000,40.43,100,40.49,1000,40.5,100,40.51,3400,40.52,3000,40.53,4800,HOLD
1781055343852,09:35:39,40.43,41.03,41.3,40.12,41.81,896000.0,36300000.0,40.4,100,40.38,200,40.37,600,40.34,400,40.32,400,40.43,600,40.46,4000,40.47,1700,40.48,400,40.49,500,HOLD
1781055346868,09:35:42,40.43,41.03,41.3,40.12,41.81,897100.0,36350000.0,40.38,200,40.37,600,40.34,400,40.32,200,40.3,1100,40.44,400,40.45,200,40.46,500,40.47,1600,40.48,1400,HOLD
1781055349875,09:35:45,40.41,41.03,41.3,40.12,41.81,899100.0,36430000.0,40.38,100,40.37,600,40.34,400,40.32,200,40.3,1100,40.42,600,40.46,3200,40.47,4200,40.48,1400,40.49,500,HOLD
1781055352886,09:35:48,40.38,41.03,41.3,40.12,41.81,900200.0,36470000.0,40.37,3100,40.34,400,40.32,200,40.3,1100,40.29,100,40.38,800,40.41,100,40.42,500,40.46,3200,40.47,4200,HOLD
1781055355901,09:35:54,40.38,41.03,41.3,40.12,41.81,903300.0,36600000.0,40.37,1800,40.34,400,40.32,200,40.3,2100,40.29,100,40.38,1400,40.4,1100,40.41,100,40.42,500,40.45,800,HOLD
1781055358917,09:35:57,40.38,41.03,41.3,40.12,41.81,903300.0,36600000.0,40.37,1900,40.34,400,40.32,200,40.3,2300,40.29,100,40.38,1800,40.4,1100,40.41,100,40.42,500,40.45,800,HOLD
1781055364935,09:36:00,40.37,41.03,41.3,40.12,41.81,905600.0,36690000.0,40.36,400,40.35,200,40.34,800,40.32,200,40.3,2300,40.37,1500,40.38,1800,40.41,100,40.45,800,40.46,3200,HOLD
1781055367937,09:36:06,40.27,41.03,41.3,40.12,41.81,921800.0,37340000.0,40.24,100,40.22,1000,40.21,200,40.2,5200,40.19,600,40.27,3400,40.28,1200,40.29,8300,40.3,6600,40.31,8500,HOLD
1781055373964,09:36:12,40.34,41.03,41.3,40.12,41.81,968600.0,39230000.0,40.34,300,40.33,1000,40.31,3500,40.3,3400,40.29,3500,40.35,3300,40.36,3200,40.37,500,40.4,600,40.41,100,HOLD
1781055376969,09:36:15,40.35,41.03,41.3,40.12,41.81,969100.0,39250000.0,40.31,3700,40.3,3400,40.29,3500,40.28,100,40.27,3700,40.35,2800,40.36,1700,40.37,500,40.4,600,40.41,100,HOLD
1781055382982,09:36:21,40.34,41.03,41.3,40.12,41.81,976700.0,39560000.0,40.32,400,40.31,200,40.3,4600,40.28,100,40.27,200,40.34,2100,40.35,2400,40.36,200,40.37,500,40.38,100,HOLD
1781055385990,09:36:24,40.34,41.03,41.3,40.12,41.81,980200.0,39700000.0,40.34,4000,40.33,500,40.31,100,40.3,5100,40.28,100,40.35,2400,40.36,2200,40.38,100,40.4,1000,40.41,100,HOLD
1781055392015,09:36:30,40.35,41.03,41.3,40.12,41.81,990600.0,40120000.0,40.33,2100,40.31,100,40.3,5100,40.28,100,40.27,300,40.34,100,40.35,12600,40.36,1200,40.37,200,40.4,1000,HOLD
1781055398036,09:36:36,40.3,41.03,41.3,40.12,41.81,994600.0,40280000.0,40.3,3700,40.28,100,40.27,300,40.26,1700,40.25,200,40.31,100,40.33,1100,40.34,1500,40.35,13000,40.36,1200,HOLD
1781055401027,09:36:39,40.33,41.03,41.3,40.12,41.81,995100.0,40300000.0,40.3,3800,40.28,100,40.27,300,40.26,1700,40.25,200,40.33,800,40.34,1500,40.35,13000,40.36,1200,40.37,200,HOLD
1781055407044,09:36:42,40.3,41.03,41.3,40.12,41.81,995200.0,40300000.0,40.3,6500,40.28,100,40.27,1300,40.26,1700,40.25,200,40.33,800,40.34,1500,40.35,13000,40.36,1200,40.37,200,HOLD
1781055410047,09:36:45,40.3,41.03,41.3,40.12,41.81,1004500.0,40680000.0,40.27,1200,40.26,1700,40.25,200,40.24,2900,40.22,3900,40.3,400,40.32,1000,40.33,800,40.34,1500,40.35,13300,HOLD
1781055413061,09:36:51,40.3,41.03,41.3,40.12,41.81,1006200.0,40750000.0,40.27,1600,40.26,1700,40.25,1200,40.24,2900,40.22,3900,40.3,4800,40.32,1000,40.33,200,40.34,1500,40.35,13300,HOLD
1781055419070,09:36:54,40.3,41.03,41.3,40.12,41.81,1011200.0,40950000.0,40.26,1700,40.25,1200,40.24,2900,40.22,3900,40.21,200,40.3,1500,40.32,1000,40.33,200,40.34,1500,40.35,13300,HOLD
1781055422071,09:37:00,40.32,41.03,41.3,40.12,41.81,1015800.0,41130000.0,40.31,2200,40.3,1800,40.29,1600,40.27,1600,40.26,1700,40.32,700,40.33,200,40.34,1500,40.35,13200,40.37,200,HOLD
1781055428088,09:37:03,40.35,41.03,41.3,40.12,41.81,1044200.0,42280000.0,40.35,900,40.34,200,40.33,1900,40.32,2500,40.31,2000,40.37,200,40.39,100,40.4,1000,40.41,100,40.46,1000,HOLD
1781055431097,09:37:06,40.37,41.03,41.3,40.12,41.81,1046000.0,42350000.0,40.35,3300,40.34,200,40.33,1900,40.32,2700,40.31,2000,40.37,300,40.4,1500,40.41,300,40.46,1000,40.48,1000,HOLD
1781055434111,09:37:09,40.37,41.03,41.3,40.12,41.81,1047500.0,42410000.0,40.37,100,40.35,5700,40.34,200,40.33,1900,40.32,1300,40.4,400,40.41,300,40.46,1000,40.48,1000,40.5,1100,HOLD
1781055437126,09:37:15,40.35,41.03,41.3,40.12,41.81,1060100.0,42920000.0,40.34,100,40.33,1600,40.32,100,40.31,1600,40.3,2500,40.35,2100,40.36,9800,40.4,400,40.41,800,40.46,1000,HOLD
1781055440131,09:37:18,40.34,41.03,41.3,40.12,41.81,1063800.0,43070000.0,40.33,300,40.32,100,40.31,1600,40.3,2500,40.29,2200,40.34,400,40.36,10000,40.4,400,40.41,800,40.46,1000,HOLD
1781055443132,09:37:21,40.36,41.03,41.3,40.12,41.81,1066900.0,43200000.0,40.33,500,40.31,1600,40.3,2500,40.29,2200,40.27,900,40.36,8500,40.4,400,40.41,800,40.46,1000,40.48,1000,HOLD
1781055449147,09:37:24,40.31,41.03,41.3,40.12,41.81,1069200.0,43290000.0,40.3,2900,40.29,2200,40.28,800,40.27,900,40.26,7000,40.31,500,40.33,1000,40.36,8500,40.4,400,40.41,800,HOLD
1781055452147,09:37:27,40.29,41.03,41.3,40.12,41.81,1074500.0,43500000.0,40.29,600,40.28,800,40.27,900,40.26,7000,40.25,2700,40.3,500,40.33,1000,40.36,8500,40.39,300,40.4,400,HOLD
1781055455159,09:37:30,40.3,41.03,41.3,40.12,41.81,1077000.0,43600000.0,40.3,300,40.27,500,40.26,7000,40.25,2700,40.24,2700,40.33,800,40.36,8500,40.39,300,40.4,400,40.41,800,HOLD
1781055458179,09:37:33,40.3,41.03,41.3,40.12,41.81,1078100.0,43650000.0,40.31,100,40.28,500,40.27,500,40.26,7000,40.25,2700,40.33,800,40.36,8500,40.39,300,40.4,400,40.41,800,HOLD
1781055461180,09:37:39,40.3,41.03,41.3,40.12,41.81,1084000.0,43890000.0,40.29,400,40.28,500,40.27,700,40.26,7000,40.25,3700,40.3,3100,40.31,100,40.36,8500,40.39,300,40.4,400,HOLD
1781055467200,09:37:42,40.29,41.03,41.3,40.12,41.81,1087400.0,44020000.0,40.3,100,40.29,6400,40.28,500,40.27,700,40.26,7100,40.36,8500,40.39,300,40.4,400,40.41,800,40.46,1000,HOLD
1781055470214,09:37:45,40.3,41.03,41.3,40.12,41.81,1093400.0,44260000.0,40.29,1400,40.28,500,40.27,700,40.26,7100,40.25,3700,40.3,500,40.36,8500,40.39,300,40.4,400,40.41,800,HOLD
1781055473219,09:37:48,40.29,41.03,41.3,40.12,41.81,1094900.0,44320000.0,40.28,500,40.27,700,40.26,7100,40.25,3700,40.24,4000,40.29,3600,40.3,4500,40.36,300,40.39,300,40.4,400,HOLD
1781055476236,09:37:51,40.3,41.03,41.3,40.12,41.81,1101700.0,44600000.0,40.29,500,40.28,100,40.27,700,40.26,7100,40.25,3700,40.3,2200,40.36,300,40.39,300,40.4,400,40.41,800,HOLD
1781055479251,09:37:57,40.31,41.03,41.3,40.12,41.81,1104700.0,44720000.0,40.3,1500,40.29,4500,40.28,600,40.27,700,40.26,7100,40.36,100,40.39,800,40.4,400,40.41,800,40.46,1000,HOLD
1781055482267,09:38:00,40.39,41.03,41.3,40.12,41.81,1105600.0,44760000.0,40.38,100,40.37,700,40.36,200,40.31,200,40.3,1900,40.4,400,40.41,800,40.46,1000,40.5,700,40.51,2000,HOLD
1781055485273,09:38:03,40.4,41.03,41.3,40.12,41.81,1106400.0,44790000.0,40.4,700,40.39,100,40.38,800,40.37,700,40.36,1000,40.41,800,40.46,1000,40.5,700,40.51,2000,40.52,3000,HOLD
1781055491294,09:38:09,40.39,41.03,41.3,40.12,41.81,1110200.0,44940000.0,40.38,500,40.37,700,40.36,5400,40.32,300,40.31,500,40.39,200,40.4,2700,40.41,7000,40.42,3200,40.46,1100,HOLD
1781055497320,09:38:15,40.39,41.03,41.3,40.12,41.81,1116100.0,45180000.0,40.39,4400,40.37,700,40.36,5400,40.31,500,40.3,9800,40.4,3500,40.41,7000,40.42,3200,40.45,100,40.46,1100,HOLD
1781055503321,09:38:21,40.36,41.03,41.3,40.12,41.81,1129300.0,45710000.0,40.33,200,40.32,4200,40.31,500,40.3,11500,40.29,4100,40.36,7000,40.37,700,40.39,500,40.4,3000,40.41,3500,HOLD
1781055509346,09:38:24,40.36,41.03,41.3,40.12,41.81,1130300.0,45750000.0,40.34,200,40.33,400,40.32,4200,40.31,500,40.3,10500,40.36,7500,40.37,700,40.38,100,40.39,500,40.4,3000,HOLD
1781055512352,09:38:27,40.36,41.03,41.3,40.12,41.81,1131300.0,45790000.0,40.34,1700,40.33,400,40.32,4200,40.31,500,40.3,10400,40.36,6700,40.37,700,40.38,100,40.39,600,40.4,3000,HOLD
1781055515367,09:38:33,40.34,41.03,41.3,40.12,41.81,1140900.0,46180000.0,40.32,2400,40.31,100,40.3,16000,40.29,4100,40.28,900,40.34,6300,40.35,8200,40.36,4000,40.38,100,40.39,600,HOLD
1781055518389,09:38:36,40.32,41.03,41.3,40.12,41.81,1142100.0,46230000.0,40.32,1600,40.3,16600,40.29,4100,40.28,900,40.27,2700,40.33,1700,40.34,6300,40.35,8100,40.36,4000,40.38,100,HOLD
1781055521399,09:38:39,40.34,41.03,41.3,40.12,41.81,1144400.0,46320000.0,40.33,200,40.32,1600,40.3,16600,40.29,4100,40.28,900,40.34,5700,40.35,100,40.36,4000,40.39,600,40.4,3000,HOLD
1781055524401,09:38:42,40.32,41.03,41.3,40.12,41.81,1146200.0,46390000.0,40.3,16600,40.29,4100,40.28,900,40.27,2700,40.26,7100,40.32,700,40.33,300,40.34,5700,40.36,4000,40.39,600,HOLD
1781055530429,09:38:48,40.31,41.03,41.3,40.12,41.81,1149100.0,46510000.0,40.31,100,40.3,15300,40.29,2900,40.28,1000,40.27,2700,40.32,4800,40.34,5900,40.36,4000,40.39,600,40.4,3000,HOLD
1781055533442,09:38:51,40.32,41.03,41.3,40.12,41.81,1149400.0,46520000.0,40.31,600,40.3,15300,40.29,2600,40.28,1000,40.27,2700,40.32,4500,40.34,5900,40.36,4000,40.39,600,40.4,3000,HOLD
1781055539459,09:38:57,40.25,41.03,41.3,40.12,41.81,1189100.0,48120000.0,40.22,600,40.21,200,40.2,7400,40.19,600,40.18,2600,40.25,500,40.26,2000,40.27,4500,40.28,8900,40.29,2200,HOLD
1781055545466,09:39:03,40.21,41.03,41.3,40.12,41.81,1201400.0,48620000.0,40.18,2100,40.17,900,40.16,2300,40.15,5600,40.14,8700,40.21,800,40.22,2400,40.23,300,40.25,700,40.26,1300,HOLD
1781055551484,09:39:09,40.17,41.03,41.3,40.12,41.81,1204600.0,48750000.0,40.17,700,40.16,2400,40.15,5600,40.14,8700,40.13,19800,40.18,5500,40.19,4000,40.2,400,40.21,600,40.22,4500,HOLD
1781055557502,09:39:12,40.17,41.03,41.3,40.12,41.81,1206900.0,48840000.0,40.16,1800,40.15,5600,40.14,8700,40.13,19800,40.12,12400,40.17,1600,40.18,5500,40.19,4000,40.2,1200,40.21,600,HOLD
1781055560508,09:39:18,40.16,41.03,41.3,40.12,41.81,1225600.0,49590000.0,40.14,8700,40.13,19800,40.12,12300,40.11,1300,40.1,6400,40.16,7000,40.18,5500,40.19,4000,40.2,1200,40.21,600,HOLD
1781055566529,09:39:21,40.15,41.03,41.3,40.12,41.81,1233100.0,49890000.0,40.15,1200,40.14,4100,40.13,18800,40.12,12200,40.11,1300,40.16,4800,40.18,400,40.19,4000,40.2,800,40.21,600,HOLD
1781055569541,09:39:27,40.13,41.03,41.3,40.0,41.81,1328800.0,53730000.0,40.11,400,40.1,1000,40.05,1600,40.04,400,40.03,300,40.12,1300,40.13,600,40.14,21900,40.15,2400,40.16,4400,HOLD
1781055575544,09:39:30,40.11,41.03,41.3,40.0,41.81,1330400.0,53790000.0,40.07,400,40.06,500,40.05,2300,40.04,400,40.03,300,40.11,2000,40.12,700,40.13,400,40.14,21900,40.15,3900,HOLD
1781055578557,09:39:36,40.08,41.03,41.3,40.0,41.81,1334500.0,53950000.0,40.08,400,40.07,500,40.06,500,40.05,2300,40.04,400,40.1,2700,40.11,6300,40.12,400,40.13,600,40.14,21900,HOLD
1781055584552,09:39:42,40.06,41.03,41.3,40.0,41.81,1346900.0,54450000.0,40.05,2300,40.03,400,40.02,400,40.01,500,40.0,48700,40.06,100,40.08,5500,40.1,800,40.11,6400,40.12,100,HOLD
1781055587557,09:39:45,40.18,41.03,41.3,40.0,41.81,1388900.0,56140000.0,40.16,800,40.14,200,40.13,600,40.11,800,40.1,300,40.18,300,40.23,400,40.26,1300,40.27,3700,40.28,8900,HOLD
1781055590567,09:39:48,40.18,41.03,41.3,40.0,41.81,1390200.0,56190000.0,40.18,300,40.17,600,40.16,5100,40.14,100,40.13,100,40.23,400,40.26,1300,40.27,3700,40.28,8900,40.29,2200,HOLD
1781055596580,09:39:54,40.16,41.03,41.3,40.0,41.81,1402000.0,56660000.0,40.13,100,40.11,100,40.1,600,40.09,100,40.07,100,40.16,800,40.18,3000,40.23,200,40.26,1200,40.27,3700,HOLD
1781055599592,09:39:57,40.13,41.03,41.3,40.0,41.81,1402300.0,56670000.0,40.13,1900,40.11,100,40.1,600,40.09,100,40.07,1100,40.16,800,40.18,5800,40.23,200,40.26,1200,40.27,3700,HOLD
1781055602621,09:40:00,40.13,41.03,41.3,40.0,41.81,1411100.0,57030000.0,40.13,500,40.11,100,40.1,1000,40.09,100,40.07,1100,40.15,1100,40.16,10000,40.18,5800,40.23,200,40.25,200,HOLD
1781055605596,09:40:03,40.1,41.03,41.3,40.0,41.81,1413100.0,57110000.0,40.1,700,40.07,1100,40.06,1800,40.05,2200,40.03,100,40.12,900,40.13,1100,40.14,100,40.15,800,40.16,8300,HOLD
1781055608609,09:40:06,40.1,41.03,41.3,40.0,41.81,1414000.0,57140000.0,40.07,1100,40.06,1800,40.05,2200,40.03,100,40.02,100,40.1,100,40.12,700,40.13,3900,40.15,800,40.16,8200,HOLD
1781055611613,09:40:09,40.13,41.03,41.3,40.0,41.81,1415500.0,57200000.0,40.12,100,40.1,1000,40.09,100,40.08,1200,40.07,1100,40.13,4500,40.15,1000,40.16,8300,40.18,5000,40.23,100,HOLD
1781055617641,09:40:15,40.07,41.03,41.3,40.0,41.81,1428000.0,57710000.0,40.07,1400,40.06,1800,40.05,2300,40.03,300,40.02,100,40.1,1100,40.11,400,40.12,1500,40.13,2600,40.15,200,HOLD
1781055620648,09:40:18,40.07,41.03,41.3,40.0,41.81,1430300.0,57800000.0,40.06,2500,40.05,1100,40.03,300,40.02,100,40.01,2600,40.07,1500,40.1,200,40.12,2100,40.13,1600,40.15,200,HOLD
1781055623658,09:40:21,40.05,41.03,41.3,40.0,41.81,1433900.0,57940000.0,40.05,200,40.03,200,40.02,100,40.01,2800,40.0,60200,40.06,1300,40.07,1100,40.1,2500,40.12,1200,40.13,1600,HOLD
1781055629673,09:40:27,40.05,41.03,41.3,40.0,41.81,1441200.0,58230000.0,40.01,100,40.0,58900,39.99,3500,39.98,1000,39.96,400,40.05,700,40.06,11200,40.07,1100,40.1,2500,40.12,6800,HOLD
1781055632675,09:40:30,40.05,41.03,41.3,40.0,41.81,1444200.0,58350000.0,40.02,1400,40.01,800,40.0,61600,39.99,4000,39.98,1000,40.05,900,40.06,11200,40.07,1100,40.1,2500,40.12,6800,HOLD
1781055635686,09:40:33,40.05,41.03,41.3,40.0,41.81,1458100.0,58910000.0,40.05,2600,40.03,200,40.02,1900,40.01,1800,40.0,56300,40.06,9100,40.07,1100,40.1,2500,40.12,6800,40.13,1600,HOLD
1781055638703,09:40:36,40.1,41.03,41.3,40.0,41.81,1473300.0,59520000.0,40.07,700,40.06,2600,40.05,1800,40.04,1500,40.03,3000,40.1,2200,40.12,6800,40.13,1600,40.15,200,40.18,3000,HOLD
1781055641695,09:40:39,40.12,41.03,41.3,40.0,41.81,1479900.0,59780000.0,40.1,1300,40.09,100,40.08,600,40.07,1600,40.06,3100,40.12,3200,40.13,1600,40.15,200,40.18,3000,40.23,100,HOLD
1781055647704,09:40:42,40.12,41.03,41.3,40.0,41.81,1483000.0,59910000.0,40.11,400,40.1,2200,40.09,200,40.08,400,40.07,1600,40.12,100,40.13,600,40.15,200,40.18,3000,40.23,100,HOLD
1781055650718,09:40:48,40.12,41.03,41.3,40.0,41.81,1489600.0,60170000.0,40.15,200,40.13,200,40.12,2500,40.11,1900,40.1,5400,40.18,3000,40.2,100,40.23,100,40.25,200,40.26,1300,HOLD
1781055653727,09:40:51,40.18,41.03,41.3,40.0,41.81,1492000.0,60270000.0,40.12,4500,40.11,1500,40.1,5400,40.09,200,40.08,600,40.18,2800,40.2,100,40.23,100,40.25,200,40.26,1300,HOLD
1781055659746,09:40:57,40.18,41.03,41.3,40.0,41.81,1497400.0,60490000.0,40.15,500,40.14,300,40.13,2000,40.12,4500,40.11,1500,40.18,900,40.2,100,40.23,100,40.25,200,40.26,1300,HOLD
1781055662759,09:41:00,40.18,41.03,41.3,40.0,41.81,1498500.0,60530000.0,40.18,900,40.15,900,40.14,300,40.13,2000,40.12,2600,40.23,100,40.25,200,40.26,1300,40.27,3700,40.28,8900,HOLD
1781055665770,09:41:03,40.19,41.03,41.3,40.0,41.81,1501200.0,60640000.0,40.19,500,40.15,900,40.14,100,40.13,2100,40.12,1200,40.23,100,40.25,200,40.26,1300,40.27,3700,40.28,8900,HOLD
1781055668786,09:41:06,40.16,41.03,41.3,40.0,41.81,1504100.0,60760000.0,40.15,200,40.14,400,40.13,2000,40.12,2100,40.11,1000,40.18,7700,40.19,500,40.23,100,40.25,400,40.26,1300,HOLD
1781055671802,09:41:09,40.18,41.03,41.3,40.0,41.81,1505300.0,60800000.0,40.15,500,40.14,2600,40.13,1900,40.12,2100,40.11,1000,40.18,6600,40.19,300,40.23,100,40.25,400,40.26,1300,HOLD
1781055674806,09:41:12,40.21,41.03,41.3,40.0,41.81,1514000.0,61150000.0,40.21,600,40.2,2700,40.19,3600,40.18,700,40.16,1200,40.25,200,40.26,1300,40.27,3700,40.28,8900,40.29,2200,HOLD
1781055677813,09:41:15,40.21,41.03,41.3,40.0,41.81,1514000.0,61150000.0,40.23,300,40.22,100,40.21,600,40.2,2700,40.19,600,40.25,200,40.26,1300,40.27,3700,40.28,8900,40.29,2200,HOLD
1781055680824,09:41:18,40.25,41.03,41.3,40.0,41.81,1515100.0,61200000.0,40.25,1900,40.23,800,40.22,100,40.2,2700,40.19,600,40.26,1300,40.27,3700,40.28,8900,40.29,2200,40.31,400,HOLD
1781055683833,09:41:21,40.21,41.03,41.3,40.0,41.81,1519200.0,61360000.0,40.22,300,40.2,2700,40.19,600,40.18,600,40.16,1500,40.26,1300,40.27,3700,40.28,8900,40.29,2200,40.31,400,HOLD
1781055686836,09:41:24,40.26,41.03,41.3,40.0,41.81,1520600.0,61420000.0,40.22,300,40.2,2700,40.19,600,40.18,1400,40.16,1500,40.25,100,40.27,3800,40.28,8900,40.29,2200,40.31,400,HOLD
1781055689842,09:41:27,40.26,41.03,41.3,40.0,41.81,1522800.0,61510000.0,40.23,100,40.22,100,40.2,2700,40.19,600,40.18,1400,40.26,800,40.27,3800,40.28,8900,40.29,2200,40.31,400,HOLD
1781055692843,09:41:30,40.2,41.03,41.3,40.0,41.81,1525500.0,61620000.0,40.18,1400,40.16,1300,40.15,2100,40.14,2600,40.13,800,40.21,100,40.22,100,40.26,700,40.27,3800,40.28,8900,HOLD
1781055695859,09:41:33,40.21,41.03,41.3,40.0,41.81,1528500.0,61740000.0,40.18,1400,40.16,1300,40.15,2100,40.14,2600,40.13,800,40.21,600,40.22,200,40.25,1200,40.26,400,40.27,3800,HOLD
1781055701884,09:41:39,40.18,41.03,41.3,40.0,41.81,1532800.0,61910000.0,40.16,1000,40.15,500,40.14,2500,40.13,800,40.12,200,40.18,600,40.2,300,40.21,300,40.22,1500,40.23,300,HOLD
1781055704885,09:41:42,40.18,41.03,41.3,40.0,41.81,1534100.0,61960000.0,40.2,300,40.18,500,40.16,1200,40.15,1400,40.14,2500,40.21,2300,40.22,1500,40.23,300,40.26,400,40.27,3800,HOLD
1781055707900,09:41:45,40.21,41.03,41.3,40.0,41.81,1534200.0,61970000.0,40.2,1300,40.18,1200,40.16,1200,40.15,1400,40.14,2500,40.21,2100,40.22,200,40.23,300,40.26,400,40.27,3800,HOLD
1781055713915,09:41:51,40.21,41.03,41.3,40.0,41.81,1554200.0,62770000.0,40.21,100,40.2,400,40.19,200,40.18,200,40.17,100,40.23,300,40.26,400,40.27,3800,40.28,8900,40.29,2200,HOLD
1781055716933,09:41:54,40.19,41.03,41.3,40.0,41.81,1555400.0,62820000.0,40.19,100,40.16,7100,40.15,1400,40.14,2600,40.13,800,40.2,100,40.23,300,40.26,400,40.27,3800,40.28,8900,HOLD
1781055722946,09:42:00,40.16,41.03,41.3,40.0,41.81,1558300.0,62930000.0,40.16,1400,40.15,1400,40.14,2500,40.13,200,40.11,1200,40.17,800,40.18,100,40.2,12000,40.23,3100,40.25,100,HOLD
1781055728964,09:42:06,40.17,41.03,41.3,40.0,41.81,1574800.0,63600000.0,40.17,3800,40.11,500,40.1,5600,40.08,1200,40.07,700,40.18,200,40.2,12000,40.23,3100,40.25,100,40.26,200,HOLD
1781055731967,09:42:09,40.2,41.03,41.3,40.0,41.81,1587400.0,64100000.0,40.2,300,40.18,1500,40.17,4100,40.16,200,40.11,500,40.23,3100,40.25,100,40.26,200,40.27,3900,40.28,8900,HOLD
1781055734981,09:42:12,40.25,41.03,41.3,40.0,41.81,1591100.0,64250000.0,40.22,600,40.21,300,40.2,5200,40.18,1500,40.17,4100,40.26,200,40.27,3900,40.28,8900,40.29,2200,40.31,400,HOLD
1781055737994,09:42:15,40.32,41.03,41.3,40.0,41.81,1608500.0,64950000.0,40.31,200,40.3,1400,40.29,300,40.28,1800,40.26,1200,40.32,800,40.34,200,40.36,4100,40.4,2900,40.45,100,HOLD
1781055740999,09:42:18,40.34,41.03,41.3,40.0,41.81,1609400.0,64990000.0,40.33,100,40.32,500,40.31,300,40.3,1400,40.28,1800,40.34,100,40.36,4100,40.4,2900,40.45,100,40.46,1000,HOLD
1781055747026,09:42:24,40.35,41.03,41.3,40.0,41.81,1611700.0,65080000.0,40.34,2100,40.32,5300,40.31,100,40.3,1400,40.28,200,40.36,4100,40.4,2900,40.45,100,40.46,1000,40.5,2200,HOLD
1781055750033,09:42:27,40.35,41.03,41.3,40.0,41.81,1612700.0,65120000.0,40.35,200,40.34,3600,40.32,5300,40.31,500,40.3,1400,40.36,3600,40.39,500,40.4,2900,40.45,100,40.46,1000,HOLD
1781055753044,09:42:30,40.36,41.03,41.3,40.0,41.81,1613100.0,65140000.0,40.35,400,40.34,4000,40.32,5300,40.31,500,40.3,1400,40.36,3400,40.39,600,40.4,3000,40.45,100,40.46,1000,HOLD
1781055756048,09:42:33,40.36,41.03,41.3,40.0,41.81,1614400.0,65190000.0,40.35,2100,40.34,4000,40.32,5300,40.31,500,40.3,1400,40.36,2400,40.39,600,40.4,3000,40.45,300,40.46,1000,HOLD
1781055762084,09:42:39,40.36,41.03,41.3,40.0,41.81,1621600.0,65480000.0,40.36,500,40.35,5300,40.34,4000,40.32,6000,40.31,500,40.39,100,40.4,2100,40.45,300,40.46,1000,40.5,2400,HOLD
1781055765088,09:42:42,40.35,41.03,41.3,40.0,41.81,1640900.0,66260000.0,40.35,700,40.34,4000,40.32,6000,40.31,500,40.3,1400,40.36,200,40.4,2100,40.45,400,40.46,1000,40.5,2400,HOLD
1781055771104,09:42:48,40.35,41.03,41.3,40.0,41.81,1643700.0,66370000.0,40.35,100,40.34,4000,40.32,700,40.31,500,40.3,1400,40.36,3700,40.38,300,40.39,100,40.4,1600,40.45,400,HOLD
1781055774118,09:42:51,40.34,41.03,41.3,40.0,41.81,1647900.0,66540000.0,40.32,700,40.31,500,40.3,1400,40.26,1500,40.25,1500,40.34,200,40.35,1800,40.36,4300,40.38,300,40.39,100,HOLD
1781055777129,09:42:54,40.32,41.03,41.3,40.0,41.81,1654100.0,66790000.0,40.32,100,40.31,400,40.3,1400,40.28,100,40.26,900,40.34,100,40.36,1700,40.38,300,40.39,100,40.4,1600,HOLD
1781055783149,09:43:00,40.31,41.03,41.3,40.0,41.81,1655100.0,66830000.0,40.3,1200,40.28,100,40.26,900,40.25,1500,40.23,100,40.31,100,40.34,4600,40.35,100,40.36,1700,40.38,300,HOLD
1781055786162,09:43:03,40.3,41.03,41.3,40.0,41.81,1657900.0,66950000.0,40.3,600,40.28,100,40.26,900,40.25,1500,40.23,100,40.31,100,40.34,1900,40.35,200,40.36,1700,40.38,300,HOLD
1781055789166,09:43:06,40.26,41.03,41.3,40.0,41.81,1659100.0,66990000.0,40.26,500,40.25,1000,40.23,100,40.2,5000,40.18,300,40.28,100,40.29,300,40.3,4000,40.31,100,40.34,500,HOLD
1781055792170,09:43:09,40.25,41.03,41.3,40.0,41.81,1659900.0,67030000.0,40.25,800,40.23,100,40.2,5000,40.18,300,40.17,3400,40.26,1600,40.28,100,40.3,3900,40.31,100,40.34,1500,HOLD
1781055795187,09:43:12,40.2,41.03,41.3,40.0,41.81,1667300.0,67320000.0,40.2,200,40.18,300,40.17,3400,40.16,500,40.12,200,40.26,1600,40.28,100,40.3,3400,40.31,100,40.34,1500,HOLD
1781055798196,09:43:15,40.25,41.03,41.3,40.0,41.81,1667800.0,67340000.0,40.21,200,40.2,400,40.18,200,40.17,3400,40.16,500,40.25,300,40.26,1900,40.28,100,40.3,3400,40.31,100,HOLD
1781055801209,09:43:18,40.24,41.03,41.3,40.0,41.81,1667900.0,67350000.0,40.21,700,40.2,200,40.18,200,40.17,3400,40.16,500,40.24,200,40.25,3800,40.26,300,40.28,100,40.3,3400,HOLD
1781055804211,09:43:21,40.24,41.03,41.3,40.0,41.81,1668100.0,67360000.0,40.21,900,40.2,700,40.18,200,40.17,3400,40.16,500,40.25,3800,40.26,300,40.28,100,40.3,3200,40.31,100,HOLD
1781055807216,09:43:24,40.22,41.03,41.3,40.0,41.81,1669100.0,67400000.0,40.22,300,40.21,900,40.2,800,40.18,200,40.17,3400,40.25,3500,40.26,300,40.28,100,40.3,3200,40.31,100,HOLD
1781055810227,09:43:27,40.21,41.03,41.3,40.0,41.81,1669800.0,67430000.0,40.21,400,40.2,500,40.19,500,40.18,200,40.17,3400,40.22,100,40.25,3500,40.26,300,40.28,100,40.3,3200,HOLD
1781055813229,09:43:30,40.22,41.03,41.3,40.0,41.81,1670700.0,67460000.0,40.19,500,40.18,200,40.17,3400,40.16,800,40.12,1400,40.21,1000,40.25,3500,40.26,300,40.28,100,40.3,3200,HOLD
1781055819253,09:43:36,40.26,41.03,41.3,40.0,41.81,1673000.0,67550000.0,40.23,300,40.22,500,40.21,4400,40.2,2800,40.19,1500,40.26,100,40.28,100,40.3,3200,40.31,100,40.34,1500,HOLD
1781055822276,09:43:39,40.29,41.03,41.3,40.0,41.81,1673600.0,67580000.0,40.29,300,40.26,1400,40.23,500,40.22,500,40.21,4200,40.3,3100,40.31,100,40.34,1500,40.35,200,40.36,2600,HOLD
1781055825278,09:43:42,40.17,41.03,41.3,40.0,41.81,1779300.0,71810000.0,40.17,100,40.1,600,40.09,100,40.08,400,40.07,700,40.18,300,40.19,600,40.2,300,40.22,1700,40.23,900,HOLD
1781055828287,09:43:45,40.18,41.03,41.3,40.0,41.81,1779600.0,71820000.0,40.17,700,40.11,200,40.1,2000,40.09,100,40.08,400,40.18,300,40.19,600,40.22,1700,40.23,900,40.24,1400,HOLD
1781055831301,09:43:48,40.18,41.03,41.3,40.0,41.81,1780400.0,71860000.0,40.18,600,40.17,300,40.11,200,40.1,1200,40.09,100,40.19,600,40.22,1700,40.23,900,40.24,1400,40.26,800,HOLD
1781055834302,09:43:51,40.17,41.03,41.3,40.0,41.81,1784700.0,72030000.0,40.12,1400,40.11,200,40.1,1200,40.09,100,40.08,400,40.17,1100,40.19,600,40.22,1700,40.23,900,40.24,1400,HOLD
1781055837312,09:43:54,40.17,41.03,41.3,40.0,41.81,1785900.0,72080000.0,40.15,100,40.12,1400,40.11,200,40.1,600,40.09,100,40.17,400,40.19,600,40.2,100,40.22,1700,40.23,900,HOLD
1781055840319,09:43:57,40.15,41.03,41.3,40.0,41.81,1786300.0,72090000.0,40.12,1400,40.11,200,40.1,600,40.09,100,40.08,400,40.17,800,40.18,200,40.19,600,40.2,100,40.22,1700,HOLD
1781055843327,09:44:00,40.12,41.03,41.3,40.0,41.81,1786800.0,72110000.0,40.12,800,40.11,200,40.1,600,40.09,100,40.07,500,40.17,800,40.18,200,40.19,600,40.2,100,40.22,1700,HOLD
1781055846344,09:44:03,40.1,41.03,41.3,40.0,41.81,1788600.0,72190000.0,40.1,300,40.09,100,40.07,500,40.05,500,40.02,700,40.12,3000,40.17,800,40.18,200,40.2,100,40.22,1700,HOLD
1781055849348,09:44:06,40.1,41.03,41.3,40.0,41.81,1789200.0,72210000.0,40.1,200,40.09,100,40.08,900,40.07,2200,40.05,500,40.12,4100,40.17,200,40.18,200,40.2,100,40.22,1700,HOLD
1781055852364,09:44:09,40.1,41.03,41.3,40.0,41.81,1789300.0,72210000.0,40.1,200,40.09,100,40.08,900,40.07,2200,40.05,500,40.11,100,40.12,4100,40.17,200,40.18,200,40.2,100,HOLD
1781055855374,09:44:12,40.11,41.03,41.3,40.0,41.81,1796100.0,72490000.0,40.1,4100,40.09,100,40.08,900,40.07,2200,40.05,500,40.11,1800,40.12,300,40.17,200,40.18,200,40.2,100,HOLD
1781055858379,09:44:15,40.11,41.03,41.3,40.0,41.81,1815100.0,73250000.0,40.1,600,40.08,200,40.07,300,40.06,100,40.05,500,40.11,700,40.12,300,40.17,200,40.18,200,40.2,100,HOLD
1781055861384,09:44:18,40.26,41.03,41.3,40.0,41.81,1818400.0,73380000.0,40.16,200,40.15,100,40.14,200,40.13,2100,40.12,200,40.28,200,40.29,400,40.3,5000,40.31,100,40.34,1500,HOLD
1781055864389,09:44:21,40.16,41.03,41.3,40.0,41.81,1825100.0,73650000.0,40.21,200,40.2,200,40.16,300,40.15,400,40.12,1000,40.26,600,40.28,500,40.29,400,40.3,5000,40.31,100,HOLD
1781055870396,09:44:27,40.21,41.03,41.3,40.0,41.81,1827900.0,73760000.0,40.15,200,40.14,700,40.13,2600,40.12,600,40.11,2800,40.21,400,40.26,300,40.28,500,40.29,400,40.3,5000,HOLD
1781055873412,09:44:30,40.26,41.03,41.3,40.0,41.81,1828900.0,73800000.0,40.23,800,40.22,700,40.21,300,40.2,1000,40.15,1800,40.26,4700,40.28,500,40.29,400,40.3,5000,40.34,1500,HOLD
1781055876412,09:44:33,40.26,41.03,41.3,40.0,41.81,1830100.0,73850000.0,40.24,200,40.23,1200,40.22,700,40.21,500,40.2,1000,40.26,3500,40.28,500,40.29,400,40.3,5000,40.34,1500,HOLD
1781055879416,09:44:36,40.23,41.03,41.3,40.0,41.81,1834300.0,74020000.0,40.22,700,40.21,500,40.2,1000,40.15,900,40.14,300,40.23,900,40.26,1800,40.28,500,40.29,400,40.3,5000,HOLD
1781055882444,09:44:39,40.23,41.03,41.3,40.0,41.81,1835100.0,74050000.0,40.22,1200,40.21,500,40.2,1000,40.15,900,40.14,300,40.23,100,40.26,1800,40.28,500,40.29,400,40.3,5000,HOLD
1781055885432,09:44:42,40.26,41.03,41.3,40.0,41.81,1837100.0,74130000.0,40.23,1500,40.22,500,40.21,1100,40.2,800,40.15,900,40.26,900,40.28,500,40.29,500,40.3,5100,40.34,1500,HOLD
1781055888441,09:44:45,40.26,41.03,41.3,40.0,41.81,1837600.0,74150000.0,40.23,1500,40.22,500,40.21,1100,40.2,1400,40.15,900,40.25,300,40.26,500,40.28,500,40.29,500,40.3,5100,HOLD
1781055891449,09:44:48,40.23,41.03,41.3,40.0,41.81,1840100.0,74250000.0,40.22,200,40.21,1100,40.2,1400,40.15,1300,40.14,300,40.23,2900,40.26,600,40.28,500,40.29,500,40.3,5100,HOLD
1781055894465,09:44:51,40.15,41.03,41.3,40.0,41.81,1843100.0,74370000.0,40.15,200,40.14,300,40.13,100,40.12,800,40.11,3100,40.2,400,40.21,200,40.22,700,40.23,7400,40.25,3000,HOLD
1781055897474,09:44:54,40.21,41.03,41.3,40.0,41.81,1844300.0,74420000.0,40.14,200,40.13,100,40.12,800,40.11,3100,40.1,5500,40.2,100,40.22,700,40.23,7400,40.25,3000,40.26,1800,HOLD
1781055900481,09:44:57,40.14,41.03,41.3,40.0,41.81,1844600.0,74430000.0,40.14,100,40.13,300,40.12,800,40.11,3100,40.1,5500,40.15,200,40.2,2000,40.22,700,40.23,7400,40.25,3000,HOLD
1781055903502,09:45:00,40.19,41.03,41.3,40.0,41.81,1845000.0,74450000.0,40.15,100,40.14,100,40.13,300,40.12,800,40.11,3100,40.19,1300,40.2,1900,40.22,700,40.23,7400,40.25,3000,HOLD
1781055906488,09:45:03,40.19,41.03,41.3,40.0,41.81,1845000.0,74450000.0,40.16,200,40.15,100,40.14,100,40.13,300,40.12,800,40.18,100,40.19,700,40.2,1900,40.22,700,40.23,7400,HOLD
1781055909499,09:45:06,40.17,41.03,41.3,40.0,41.81,1845800.0,74480000.0,40.15,3900,40.13,300,40.12,800,40.11,3100,40.1,29800,40.17,100,40.18,3300,40.19,700,40.2,1900,40.22,700,HOLD
1781055912509,09:45:09,40.18,41.03,41.3,40.0,41.81,1848700.0,74600000.0,40.15,3100,40.13,300,40.12,1600,40.11,3100,40.1,29900,40.17,300,40.18,2100,40.19,100,40.2,2100,40.22,700,HOLD
1781055915522,09:45:12,40.16,41.03,41.3,40.0,41.81,1849800.0,74640000.0,40.16,200,40.15,3500,40.13,300,40.12,900,40.11,3100,40.17,400,40.18,2100,40.19,100,40.2,2100,40.22,700,HOLD
1781055921541,09:45:18,40.15,41.03,41.3,40.0,41.81,1859200.0,75020000.0,40.13,1100,40.12,900,40.11,3100,40.1,7100,40.08,200,40.15,10600,40.16,1900,40.18,1100,40.19,100,40.2,2100,HOLD
1781055924547,09:45:21,40.15,41.03,41.3,40.0,41.81,1859900.0,75050000.0,40.14,200,40.13,1000,40.12,700,40.11,3800,40.1,7100,40.15,9900,40.16,3000,40.18,1100,40.19,100,40.2,2100,HOLD
1781055927553,09:45:24,40.13,41.03,41.3,40.0,41.81,1865400.0,75270000.0,40.12,700,40.11,3800,40.1,9000,40.09,500,40.08,200,40.13,600,40.14,100,40.15,8800,40.16,2700,40.18,1100,HOLD
1781055930565,09:45:27,40.2,41.03,41.3,40.0,41.81,1880900.0,75890000.0,40.21,1500,40.2,200,40.17,300,40.16,9700,40.15,6200,40.23,7400,40.25,100,40.26,1800,40.28,300,40.29,500,HOLD
1781055933583,09:45:30,40.22,41.03,41.3,40.0,41.81,1884600.0,76040000.0,40.22,4000,40.21,1500,40.17,600,40.16,9700,40.15,6000,40.23,4300,40.25,100,40.26,1800,40.28,300,40.29,500,HOLD
1781055936591,09:45:33,40.23,41.03,41.3,40.0,41.81,1891000.0,76300000.0,40.24,100,40.23,1900,40.22,3900,40.21,1500,40.18,100,40.25,100,40.26,1800,40.28,300,40.29,500,40.3,5700,HOLD
1781055939600,09:45:36,40.24,41.03,41.3,40.0,41.81,1892500.0,76360000.0,40.23,1200,40.21,1500,40.19,1000,40.18,100,40.17,500,40.24,500,40.26,1700,40.28,300,40.29,500,40.3,5700,HOLD
1781055942618,09:45:39,40.25,41.03,41.3,40.0,41.81,1894100.0,76420000.0,40.23,1300,40.21,1500,40.19,1000,40.18,100,40.17,500,40.25,2000,40.26,1200,40.28,300,40.29,500,40.3,5700,HOLD
1781055945627,09:45:42,40.25,41.03,41.3,40.0,41.81,1894900.0,76450000.0,40.24,200,40.23,400,40.22,100,40.21,1500,40.2,100,40.25,1200,40.26,1200,40.28,300,40.29,500,40.3,5700,HOLD
1781055948633,09:45:45,40.26,41.03,41.3,40.0,41.81,1897800.0,76570000.0,40.25,2600,40.24,300,40.23,1100,40.22,100,40.21,1500,40.26,1100,40.28,300,40.29,500,40.3,5700,40.33,100,HOLD
1781055951640,09:45:48,40.25,41.03,41.3,40.0,41.81,1898400.0,76600000.0,40.25,2200,40.24,300,40.23,1100,40.22,100,40.21,1500,40.26,1100,40.28,300,40.29,500,40.3,5700,40.33,100,HOLD
1781055954646,09:45:51,40.24,41.03,41.3,40.0,41.81,1900900.0,76700000.0,40.23,1100,40.22,100,40.21,1500,40.2,100,40.19,1000,40.24,800,40.25,3000,40.26,1100,40.28,300,40.29,500,HOLD
1781055957654,09:45:54,40.23,41.03,41.3,40.0,41.81,1902500.0,76760000.0,40.22,100,40.21,1500,40.2,100,40.19,1000,40.18,600,40.23,700,40.24,600,40.25,3000,40.26,1100,40.28,300,HOLD
1781055960662,09:45:57,40.22,41.03,41.3,40.0,41.81,1902600.0,76760000.0,40.21,1500,40.2,100,40.19,1000,40.18,600,40.17,300,40.23,2100,40.24,600,40.25,3000,40.26,1100,40.28,300,HOLD
1781055963663,09:46:00,40.22,41.03,41.3,40.0,41.81,1902600.0,76760000.0,40.22,2200,40.21,1500,40.2,100,40.19,1000,40.18,600,40.23,2100,40.24,600,40.25,3000,40.26,1100,40.28,300,HOLD
1781055966666,09:46:03,40.15,41.03,41.3,40.0,41.81,1911200.0,77110000.0,40.15,1300,40.14,100,40.13,400,40.12,700,40.11,3500,40.18,1200,40.19,300,40.2,300,40.21,4700,40.22,500,HOLD
1781055969680,09:46:06,40.18,41.03,41.3,40.0,41.81,1912900.0,77180000.0,40.16,400,40.15,600,40.14,100,40.13,400,40.12,700,40.18,600,40.19,300,40.2,300,40.21,4700,40.22,1400,HOLD
1781055972686,09:46:09,40.18,41.03,41.3,40.0,41.81,1913600.0,77210000.0,40.17,100,40.16,500,40.15,600,40.14,100,40.13,400,40.18,400,40.2,300,40.21,4700,40.22,1400,40.23,2100,HOLD
1781055975693,09:46:12,40.2,41.03,41.3,40.0,41.81,1916700.0,77330000.0,40.18,1600,40.17,800,40.16,600,40.15,600,40.14,500,40.2,6400,40.21,4700,40.22,1400,40.23,2100,40.25,2300,HOLD
1781055978700,09:46:15,40.26,41.03,41.3,40.0,41.81,1933800.0,78020000.0,40.25,800,40.23,3100,40.22,6600,40.21,2200,40.2,7400,40.26,1000,40.28,300,40.29,500,40.3,2400,40.33,100,HOLD
1781055981714,09:46:18,40.3,41.03,41.3,40.0,41.81,1935700.0,78100000.0,40.29,300,40.28,900,40.26,800,40.23,200,40.22,6200,40.3,2300,40.33,100,40.34,1500,40.35,800,40.36,1700,HOLD
1781055984713,09:46:21,40.29,41.03,41.3,40.0,41.81,1936700.0,78140000.0,40.29,2400,40.28,900,40.26,900,40.23,700,40.22,6200,40.3,1500,40.33,100,40.34,1500,40.35,800,40.36,1700,HOLD
1781055987719,09:46:24,40.29,41.03,41.3,40.0,41.81,1937300.0,78160000.0,40.29,2100,40.28,900,40.27,200,40.26,900,40.25,100,40.3,1700,40.33,100,40.34,1500,40.35,800,40.36,1700,HOLD
1781055990726,09:46:27,40.29,41.03,41.3,40.0,41.81,1938400.0,78200000.0,40.29,1600,40.28,900,40.27,200,40.26,600,40.25,100,40.3,3100,40.33,100,40.34,1500,40.35,800,40.36,1700,HOLD
1781055993738,09:46:30,40.29,41.03,41.3,40.0,41.81,1939600.0,78250000.0,40.29,1300,40.28,900,40.27,200,40.26,600,40.25,100,40.3,3200,40.33,100,40.34,1500,40.35,800,40.36,1300,HOLD
1781055996748,09:46:33,40.3,41.03,41.3,40.0,41.81,1945200.0,78480000.0,40.29,400,40.28,200,40.27,200,40.26,600,40.25,100,40.3,1800,40.33,100,40.34,1500,40.35,800,40.36,1300,HOLD
1781055999749,09:46:36,40.29,41.03,41.3,40.0,41.81,1946300.0,78520000.0,40.27,200,40.26,600,40.25,100,40.23,700,40.22,6200,40.29,12800,40.3,1300,40.33,100,40.34,1500,40.35,800,HOLD
1781056002775,09:46:39,40.26,41.03,41.3,40.0,41.81,1947500.0,78570000.0,40.26,900,40.25,100,40.23,700,40.22,6200,40.21,1700,40.29,12800,40.3,1500,40.33,100,40.34,1500,40.35,800,HOLD
1781056005763,09:46:42,40.29,41.03,41.3,40.0,41.81,1954100.0,78840000.0,40.27,200,40.26,2600,40.25,100,40.24,100,40.23,700,40.29,6200,40.3,1600,40.33,100,40.34,1500,40.35,800,HOLD
1781056008763,09:46:45,40.29,41.03,41.3,40.0,41.81,1954900.0,78870000.0,40.28,1000,40.27,4600,40.26,2900,40.25,100,40.24,100,40.29,5400,40.3,1600,40.33,100,40.34,1500,40.35,800,HOLD
1781056011777,09:46:48,40.27,41.03,41.3,40.0,41.81,1961800.0,79150000.0,40.26,2900,40.25,100,40.24,100,40.23,700,40.22,6200,40.27,4000,40.29,100,40.3,1600,40.33,100,40.34,1000,HOLD
1781056014777,09:46:51,40.27,41.03,41.3,40.0,41.81,1964400.0,79250000.0,40.23,700,40.22,100,40.2,2200,40.18,1400,40.17,800,40.27,3300,40.29,100,40.3,2000,40.33,100,40.34,1000,HOLD
1781056017781,09:46:54,40.23,41.03,41.3,40.0,41.81,1966800.0,79350000.0,40.22,100,40.2,2400,40.18,1400,40.17,800,40.16,900,40.23,100,40.24,200,40.27,2700,40.29,100,40.3,2000,HOLD
1781056020793,09:46:57,40.22,41.03,41.3,40.0,41.81,1967000.0,79360000.0,40.2,2500,40.18,1400,40.17,800,40.16,900,40.15,1100,40.23,400,40.24,200,40.26,200,40.27,2700,40.29,100,HOLD
1781056023806,09:47:00,40.22,41.03,41.3,40.0,41.81,1967000.0,79360000.0,40.21,100,40.2,2600,40.18,1700,40.17,800,40.16,900,40.23,400,40.24,200,40.26,200,40.27,2700,40.29,100,HOLD
1781056026821,09:47:03,40.23,41.03,41.3,40.0,41.81,1967400.0,79370000.0,40.22,100,40.21,900,40.2,2400,40.18,1700,40.17,800,40.24,200,40.26,200,40.27,2700,40.29,100,40.3,2100,HOLD
1781056029831,09:47:06,40.23,41.03,41.3,40.0,41.81,1967400.0,79370000.0,40.23,400,40.22,500,40.21,900,40.2,2400,40.18,1700,40.26,200,40.27,2000,40.3,2100,40.33,100,40.34,1000,HOLD
1781056032837,09:47:09,40.23,41.03,41.3,40.0,41.81,1969000.0,79440000.0,40.26,400,40.23,200,40.22,500,40.21,800,40.2,2400,40.27,2000,40.3,2100,40.33,100,40.34,1000,40.35,600,HOLD
1781056035846,09:47:12,40.28,41.03,41.3,40.0,41.81,1971400.0,79530000.0,40.28,700,40.27,700,40.26,600,40.25,700,40.23,700,40.3,2600,40.33,100,40.34,1000,40.35,600,40.36,1000,HOLD
1781056038847,09:47:15,40.28,41.03,41.3,40.0,41.81,1973200.0,79610000.0,40.27,1200,40.26,800,40.25,100,40.23,800,40.22,700,40.28,5000,40.3,2200,40.33,100,40.34,1000,40.35,600,HOLD
1781056041861,09:47:18,40.28,41.03,41.3,40.0,41.81,1975100.0,79680000.0,40.27,1100,40.26,400,40.25,100,40.24,400,40.23,800,40.28,3300,40.3,2200,40.33,100,40.34,1000,40.35,600,HOLD
1781056044874,09:47:21,40.28,41.03,41.3,40.0,41.81,1978600.0,79820000.0,40.28,1800,40.27,600,40.26,400,40.25,100,40.24,400,40.3,2200,40.31,300,40.33,100,40.34,1000,40.35,600,HOLD
1781056047876,09:47:24,40.28,41.03,41.3,40.0,41.81,1981000.0,79920000.0,40.28,100,40.27,500,40.26,400,40.25,100,40.24,400,40.3,2000,40.31,300,40.33,100,40.34,1000,40.35,600,HOLD
1781056050885,09:47:27,40.29,41.03,41.3,40.0,41.81,1981300.0,79930000.0,40.27,500,40.26,400,40.25,100,40.24,600,40.23,900,40.29,100,40.3,2000,40.31,300,40.33,100,40.34,1000,HOLD
1781056053898,09:47:30,40.29,41.03,41.3,40.0,41.81,1981900.0,79960000.0,40.27,400,40.26,400,40.25,100,40.24,600,40.23,700,40.3,2000,40.31,300,40.33,100,40.34,1000,40.35,2600,HOLD
1781056056905,09:47:33,40.3,41.03,41.3,40.0,41.81,1982600.0,79980000.0,40.27,400,40.26,400,40.25,100,40.24,200,40.23,200,40.3,1300,40.31,300,40.33,100,40.34,1000,40.35,2600,HOLD
1781056059913,09:47:36,40.3,41.03,41.3,40.0,41.81,1983700.0,80030000.0,40.27,600,40.26,200,40.25,100,40.24,200,40.23,200,40.3,400,40.31,300,40.33,100,40.34,1000,40.35,2600,HOLD
1781056062929,09:47:39,40.33,41.03,41.3,40.0,41.81,1985600.0,80110000.0,40.31,100,40.3,100,40.28,100,40.27,1300,40.26,200,40.34,1000,40.35,2600,40.36,1000,40.38,800,40.39,100,HOLD
1781056065933,09:47:42,40.35,41.03,41.3,40.0,41.81,1987800.0,80190000.0,40.32,100,40.31,800,40.3,100,40.28,400,40.27,1300,40.35,1700,40.36,1000,40.38,800,40.39,100,40.4,8200,HOLD
1781056068936,09:47:45,40.35,41.03,41.3,40.0,41.81,1998900.0,80640000.0,40.33,1600,40.31,100,40.3,100,40.29,200,40.28,17800,40.35,900,40.36,1000,40.38,800,40.39,100,40.4,8200,HOLD
1781056071941,09:47:48,40.35,41.03,41.3,40.0,41.81,2000600.0,80710000.0,40.33,700,40.32,100,40.31,200,40.3,100,40.29,200,40.36,1000,40.38,800,40.39,100,40.4,8200,40.43,100,HOLD
1781056074946,09:47:51,40.36,41.03,41.3,40.0,41.81,2001200.0,80730000.0,40.35,300,40.33,700,40.32,100,40.31,200,40.3,100,40.36,500,40.38,800,40.39,100,40.4,8200,40.43,100,HOLD
1781056077958,09:47:54,40.38,41.03,41.3,40.0,41.81,2001800.0,80760000.0,40.36,100,40.35,1200,40.33,1100,40.32,600,40.31,200,40.38,700,40.39,100,40.4,8200,40.43,300,40.45,400,HOLD
1781056080964,09:47:57,40.38,41.03,41.3,40.0,41.81,2002400.0,80780000.0,40.36,100,40.35,1800,40.33,1100,40.32,600,40.31,200,40.38,400,40.39,100,40.4,8200,40.43,300,40.45,400,HOLD
1781056083968,09:48:00,40.38,41.03,41.3,40.0,41.81,2003500.0,80830000.0,40.38,1000,40.36,2900,40.35,1800,40.33,1100,40.32,600,40.4,8200,40.43,300,40.45,400,40.46,1300,40.5,4700,HOLD
1781056086969,09:48:03,40.29,41.03,41.3,40.0,41.81,2013200.0,81220000.0,40.28,200,40.27,600,40.26,200,40.25,100,40.24,200,40.29,100,40.34,1000,40.35,800,40.36,3500,40.38,1100,HOLD
1781056089981,09:48:06,40.33,41.03,41.3,40.0,41.81,2013600.0,81230000.0,40.29,400,40.28,200,40.27,600,40.26,200,40.25,100,40.33,400,40.34,1000,40.35,200,40.36,1300,40.38,1000,HOLD
1781056092988,09:48:09,40.33,41.03,41.3,40.0,41.81,2016800.0,81360000.0,40.29,800,40.28,300,40.27,600,40.26,200,40.25,100,40.31,200,40.33,200,40.36,1100,40.38,1000,40.39,600,HOLD
1781056096003,09:48:12,40.33,41.03,41.3,40.0,41.81,2017200.0,81380000.0,40.32,100,40.31,300,40.3,600,40.29,800,40.28,300,40.36,1100,40.38,700,40.39,600,40.4,7600,40.43,300,HOLD
1781056099010,09:48:15,40.34,41.03,41.3,40.0,41.81,2019000.0,81450000.0,40.34,300,40.33,1200,40.32,200,40.31,300,40.3,700,40.35,1400,40.36,1100,40.38,700,40.39,600,40.4,7600,HOLD
1781056102011,09:48:18,40.33,41.03,41.3,40.0,41.81,2020600.0,81520000.0,40.34,300,40.33,100,40.32,5200,40.31,300,40.3,700,40.35,1400,40.36,1100,40.38,600,40.39,600,40.4,7600,HOLD
1781056105030,09:48:21,40.34,41.03,41.3,40.0,41.81,2023000.0,81610000.0,40.33,200,40.32,5200,40.31,400,40.3,700,40.29,1200,40.34,2900,40.36,1100,40.38,400,40.39,600,40.4,7600,HOLD
1781056108032,09:48:24,40.34,41.03,41.3,40.0,41.81,2025900.0,81730000.0,40.33,1300,40.32,5300,40.31,400,40.3,400,40.29,1200,40.36,1100,40.38,500,40.39,600,40.4,7600,40.42,100,HOLD
1781056111041,09:48:27,40.34,41.03,41.3,40.0,41.81,2028000.0,81820000.0,40.34,2200,40.33,1300,40.32,5500,40.31,1000,40.3,400,40.36,1000,40.38,500,40.39,600,40.4,7600,40.42,100,HOLD
1781056114050,09:48:30,40.34,41.03,41.3,40.0,41.81,2032600.0,82000000.0,40.33,1300,40.32,5500,40.31,700,40.3,400,40.29,1400,40.34,9400,40.36,1100,40.37,100,40.38,500,40.39,600,HOLD
1781056117053,09:48:33,40.33,41.03,41.3,40.0,41.81,2038100.0,82220000.0,40.33,1100,40.32,5500,40.31,700,40.3,400,40.29,1400,40.34,4600,40.36,1100,40.37,100,40.38,500,40.39,200,HOLD
1781056120058,09:48:36,40.34,41.03,41.3,40.0,41.81,2038400.0,82240000.0,40.33,1400,40.32,5600,40.31,700,40.3,400,40.29,1400,40.34,2800,40.36,1100,40.37,100,40.38,500,40.39,100,HOLD
1781056123071,09:48:39,40.33,41.03,41.3,40.0,41.81,2040600.0,82320000.0,40.32,5600,40.31,700,40.3,400,40.29,1400,40.28,300,40.34,2200,40.36,1100,40.37,100,40.38,500,40.39,100,HOLD
1781056126073,09:48:42,40.33,41.03,41.3,40.0,41.81,2041000.0,82340000.0,40.33,500,40.32,5600,40.31,700,40.3,400,40.29,1100,40.34,2100,40.36,1100,40.37,100,40.38,500,40.39,100,HOLD
1781056129080,09:48:45,40.32,41.03,41.3,40.0,41.81,2041900.0,82380000.0,40.32,5300,40.31,600,40.3,400,40.29,1100,40.28,300,40.33,100,40.34,2100,40.36,1100,40.37,100,40.38,500,HOLD
1781056132086,09:48:48,40.34,41.03,41.3,40.0,41.81,2045000.0,82500000.0,40.32,3500,40.31,600,40.3,400,40.29,1100,40.28,300,40.34,1200,40.35,2000,40.36,1100,40.37,100,40.38,500,HOLD
1781056135107,09:48:51,40.31,41.03,41.3,40.0,41.81,2051200.0,82750000.0,40.29,900,40.28,300,40.27,500,40.26,200,40.25,100,40.3,100,40.31,100,40.32,400,40.33,1500,40.34,1200,HOLD
1781056138106,09:48:54,40.28,41.03,41.3,40.0,41.81,2052400.0,82800000.0,40.28,100,40.27,500,40.26,200,40.25,500,40.24,200,40.29,200,40.3,300,40.32,2400,40.33,1500,40.34,900,HOLD
1781056141116,09:48:57,40.28,41.03,41.3,40.0,41.81,2052600.0,82810000.0,40.27,500,40.26,200,40.25,500,40.24,200,40.23,200,40.28,100,40.29,200,40.3,300,40.32,2300,40.33,1500,HOLD
1781056144125,09:49:00,40.28,41.03,41.3,40.0,41.81,2052700.0,82810000.0,40.27,500,40.26,200,40.25,500,40.24,200,40.23,200,40.28,700,40.29,200,40.3,300,40.32,2300,40.33,1500,HOLD
1781056147133,09:49:03,40.28,41.03,41.3,40.0,41.81,2053200.0,82830000.0,40.27,1000,40.26,200,40.25,500,40.24,200,40.23,200,40.28,900,40.3,300,40.32,2300,40.33,1500,40.34,900,HOLD
1781056150139,09:49:06,40.26,41.03,41.3,40.0,41.81,2055000.0,82900000.0,40.26,200,40.25,100,40.24,200,40.23,200,40.22,200,40.27,10000,40.28,500,40.3,200,40.32,2300,40.33,1500,HOLD
1781056153149,09:49:09,40.3,41.03,41.3,40.0,41.81,2071400.0,83560000.0,40.29,200,40.28,300,40.27,100,40.26,100,40.25,200,40.32,2300,40.33,1500,40.34,900,40.35,3300,40.36,1900,HOLD
1781056156163,09:49:12,40.32,41.03,41.3,40.0,41.81,2072100.0,83590000.0,40.31,200,40.3,100,40.29,2700,40.28,500,40.27,100,40.32,1600,40.33,1500,40.34,900,40.35,3500,40.36,1900,HOLD
1781056159183,09:49:15,40.32,41.03,41.3,40.0,41.81,2072700.0,83620000.0,40.31,1500,40.3,700,40.28,500,40.27,100,40.26,400,40.32,1300,40.33,400,40.34,900,40.35,3500,40.36,1900,HOLD
1781056162179,09:49:18,40.32,41.03,41.3,40.0,41.81,2074600.0,83690000.0,40.31,600,40.3,700,40.28,500,40.27,100,40.26,400,40.32,400,40.33,400,40.34,900,40.35,3500,40.36,1900,HOLD
1781056165188,09:49:21,40.36,41.03,41.3,40.0,41.81,2117700.0,85430000.0,40.33,800,40.32,4600,40.3,200,40.29,800,40.28,2700,40.36,1200,40.37,100,40.38,1600,40.39,100,40.4,7700,HOLD
1781056168191,09:49:24,40.36,41.03,41.3,40.0,41.81,2119200.0,85490000.0,40.36,5400,40.34,1100,40.33,1300,40.32,4700,40.3,200,40.37,100,40.38,1600,40.39,100,40.4,7700,40.42,1600,HOLD
1781056171191,09:49:27,40.38,41.03,41.3,40.0,41.81,2119400.0,85500000.0,40.37,700,40.36,5600,40.34,1100,40.33,1300,40.32,4700,40.38,1500,40.39,100,40.4,7800,40.42,1600,40.43,500,HOLD
1781056174204,09:49:30,40.38,41.03,41.3,40.0,41.81,2120900.0,85560000.0,40.38,900,40.37,700,40.36,5100,40.34,1100,40.33,1300,40.39,100,40.4,7800,40.42,1600,40.43,500,40.45,400,HOLD
1781056177215,09:49:33,40.39,41.03,41.3,40.0,41.81,2121000.0,85560000.0,40.39,500,40.38,1800,40.37,300,40.36,5100,40.35,400,40.4,7800,40.42,1600,40.43,600,40.45,400,40.46,1300,HOLD
1781056180227,09:49:36,40.38,41.03,41.3,40.0,41.81,2122400.0,85620000.0,40.38,1100,40.37,600,40.36,5100,40.35,400,40.34,1100,40.39,300,40.4,7400,40.42,1600,40.43,600,40.45,400,HOLD
1781056183247,09:49:42,40.4,41.03,41.3,40.0,41.81,2122900.0,85640000.0,40.39,800,40.38,1200,40.37,700,40.36,5200,40.35,400,40.4,7300,40.42,1800,40.43,600,40.45,400,40.46,1300,HOLD
1781056189251,09:49:45,40.4,41.03,41.3,40.0,41.81,2123000.0,85640000.0,40.39,800,40.38,2500,40.37,700,40.36,5300,40.35,400,40.4,7200,40.42,1800,40.43,600,40.45,400,40.46,1300,HOLD
1781056192267,09:49:48,40.4,41.03,41.3,40.0,41.81,2126700.0,85790000.0,40.39,1200,40.38,2500,40.37,600,40.36,5300,40.35,400,40.4,3500,40.42,1800,40.43,600,40.45,400,40.46,1300,HOLD
1781056195283,09:49:51,40.4,41.03,41.3,40.0,41.81,2127600.0,85830000.0,40.39,1500,40.38,2500,40.37,500,40.36,5300,40.35,400,40.4,3900,40.42,1800,40.43,600,40.45,400,40.46,1300,HOLD
1781056198287,09:49:54,40.4,41.03,41.3,40.0,41.81,2130200.0,85940000.0,40.39,3400,40.38,2500,40.37,500,40.36,1600,40.35,400,40.4,1300,40.42,1800,40.43,600,40.45,400,40.46,1300,HOLD
1781056201295,09:49:57,40.4,41.03,41.3,40.0,41.81,2132000.0,86010000.0,40.4,200,40.39,3200,40.38,2600,40.37,700,40.36,400,40.41,200,40.42,1800,40.43,600,40.45,400,40.46,1300,HOLD
1781056204334,09:50:00,40.42,41.03,41.3,40.0,41.81,2134100.0,86090000.0,40.42,500,40.41,700,40.4,18400,40.39,3100,40.38,3400,40.43,600,40.45,400,40.46,1300,40.5,2800,40.51,800,HOLD
1781056207323,09:50:03,40.43,41.03,41.3,40.0,41.81,2135000.0,86130000.0,40.42,300,40.41,1100,40.4,18500,40.39,3100,40.38,3300,40.43,300,40.45,400,40.46,1300,40.5,2800,40.51,800,HOLD
1781056210332,09:50:09,40.43,41.03,41.3,40.0,41.81,2140300.0,86340000.0,40.47,200,40.45,200,40.44,300,40.43,500,40.42,1300,40.49,100,40.5,2800,40.51,800,40.53,800,40.54,200,HOLD
1781056216351,09:50:12,40.48,41.03,41.3,40.0,41.81,2140400.0,86350000.0,40.47,200,40.45,1400,40.44,300,40.43,300,40.42,700,40.48,300,40.49,100,40.5,2800,40.51,800,40.53,800,HOLD
1781056219366,09:50:15,40.45,41.03,41.3,40.0,41.81,2149300.0,86710000.0,40.43,900,40.42,1000,40.41,1100,40.4,18500,40.39,2500,40.45,300,40.46,900,40.47,400,40.48,3600,40.49,10800,HOLD
1781056222380,09:50:18,40.45,41.03,41.3,40.0,41.81,2151300.0,86790000.0,40.42,1500,40.41,1200,40.4,18500,40.39,2100,40.38,2200,40.45,1200,40.46,700,40.47,400,40.48,3600,40.49,7500,HOLD
1781056225385,09:50:21,40.45,41.03,41.3,40.0,41.81,2152500.0,86840000.0,40.42,1500,40.41,1700,40.4,17500,40.39,2100,40.38,2200,40.45,1000,40.46,700,40.47,400,40.48,4600,40.49,3500,HOLD
1781056228389,09:50:24,40.46,41.03,41.3,40.0,41.81,2153800.0,86890000.0,40.45,26500,40.43,200,40.42,1600,40.41,1700,40.4,18200,40.46,100,40.47,400,40.48,1200,40.49,3000,40.5,2800,HOLD
1781056231396,09:50:27,40.45,41.03,41.3,40.0,41.81,2156900.0,87020000.0,40.46,800,40.45,29300,40.43,600,40.42,1300,40.41,1700,40.47,400,40.48,1200,40.49,3000,40.5,2800,40.51,800,HOLD
1781056234408,09:50:30,40.45,41.03,41.3,40.0,41.81,2159000.0,87100000.0,40.45,28200,40.43,700,40.42,1300,40.41,1100,40.4,18700,40.46,1600,40.47,200,40.48,3000,40.49,3000,40.5,4800,HOLD
1781056237421,09:50:33,40.41,41.03,41.3,40.0,41.81,2212200.0,89250000.0,40.38,2200,40.37,900,40.36,400,40.34,200,40.33,300,40.42,400,40.43,700,40.44,1800,40.45,5900,40.46,700,HOLD
1781056240428,09:50:36,40.44,41.03,41.3,40.0,41.81,2215300.0,89380000.0,40.4,100,40.38,1600,40.37,900,40.36,500,40.34,200,40.41,1100,40.42,500,40.44,500,40.45,4400,40.46,800,HOLD
1781056243451,09:50:39,40.41,41.03,41.3,40.0,41.81,2215800.0,89400000.0,40.4,100,40.38,1600,40.37,900,40.36,500,40.34,200,40.41,1700,40.42,500,40.44,500,40.45,4400,40.46,1000,HOLD
1781056246444,09:50:42,40.34,41.03,41.3,40.0,41.81,2251600.0,90840000.0,40.34,4600,40.33,300,40.31,2100,40.3,1900,40.29,800,40.4,100,40.41,1200,40.42,500,40.44,500,40.45,4400,HOLD
1781056249456,09:50:45,40.42,41.03,41.3,40.0,41.81,2252200.0,90860000.0,40.41,200,40.4,2900,40.37,2800,40.35,1900,40.34,1400,40.42,400,40.44,500,40.45,4300,40.46,1000,40.47,200,HOLD
1781056252459,09:50:48,40.42,41.03,41.3,40.0,41.81,2252600.0,90880000.0,40.42,800,40.41,300,40.4,3000,40.37,2800,40.35,1900,40.44,500,40.45,3600,40.46,1000,40.47,200,40.48,3000,HOLD
1781056255466,09:50:51,40.42,41.03,41.3,40.0,41.81,2253100.0,90900000.0,40.42,400,40.41,500,40.4,3000,40.37,2700,40.35,1900,40.43,500,40.44,500,40.45,3600,40.46,1000,40.47,200,HOLD
1781056258475,09:50:54,40.42,41.03,41.3,40.0,41.81,2253400.0,90910000.0,40.42,800,40.41,600,40.4,3600,40.37,2700,40.35,1900,40.43,500,40.44,500,40.45,3700,40.46,900,40.47,200,HOLD
1781056261487,09:50:57,40.41,41.03,41.3,40.0,41.81,2255400.0,90990000.0,40.4,3000,40.37,2700,40.35,1900,40.34,400,40.33,300,40.41,600,40.42,1200,40.43,500,40.44,500,40.45,3700,HOLD
1781056264502,09:51:00,40.4,41.03,41.3,40.0,41.81,2258800.0,91130000.0,40.37,2700,40.35,2000,40.34,400,40.33,300,40.31,2100,40.39,100,40.4,2800,40.41,500,40.42,1300,40.43,500,HOLD
1781056267514,09:51:03,40.39,41.03,41.3,40.0,41.81,2262300.0,91270000.0,40.35,2400,40.34,400,40.33,300,40.31,2100,40.3,2100,40.39,1000,40.4,800,40.41,400,40.42,1300,40.43,500,HOLD
1781056270515,09:51:06,40.35,41.03,41.3,40.0,41.81,2263500.0,91320000.0,40.35,2100,40.34,500,40.33,300,40.31,2100,40.3,2100,40.38,200,40.39,400,40.4,800,40.41,400,40.42,1300,HOLD
1781056273528,09:51:09,40.38,41.03,41.3,40.0,41.81,2264600.0,91370000.0,40.38,9600,40.36,1100,40.35,2200,40.34,400,40.33,300,40.39,400,40.4,800,40.41,400,40.42,1200,40.43,500,HOLD
1781056276541,09:51:12,40.36,41.03,41.3,40.0,41.81,2275600.0,91810000.0,40.35,1800,40.34,300,40.33,300,40.31,2100,40.3,2100,40.36,200,40.37,800,40.38,10100,40.39,400,40.4,1300,HOLD
1781056279553,09:51:15,40.3,41.03,41.3,40.0,41.81,2287800.0,92300000.0,40.3,3300,40.29,900,40.28,1300,40.27,3400,40.26,91800,40.38,4000,40.4,1300,40.41,400,40.42,1300,40.43,500,HOLD
1781056282564,09:51:18,40.36,41.03,41.3,40.0,41.81,2288900.0,92350000.0,40.3,800,40.29,2200,40.28,1400,40.27,3000,40.26,89600,40.35,200,40.36,200,40.37,1100,40.38,3400,40.4,1300,HOLD
1781056285576,09:51:21,40.36,41.03,41.3,40.0,41.81,2288900.0,92350000.0,40.31,100,40.3,1300,40.29,2900,40.28,1400,40.27,3000,40.35,1700,40.37,500,40.38,3400,40.4,1300,40.41,400,HOLD
1781056288577,09:51:24,40.35,41.03,41.3,40.0,41.81,2290100.0,92390000.0,40.32,1000,40.31,1500,40.3,1300,40.29,2900,40.28,1400,40.35,1400,40.37,500,40.38,3300,40.4,1300,40.41,400,HOLD
1781056291586,09:51:27,40.35,41.03,41.3,40.0,41.81,2291600.0,92460000.0,40.33,400,40.32,900,40.31,1800,40.3,1300,40.29,2900,40.35,900,40.37,500,40.38,3300,40.4,1300,40.41,400,HOLD
1781056294588,09:51:30,40.32,41.03,41.3,40.0,41.81,2293000.0,92510000.0,40.31,800,40.3,1100,40.29,2900,40.28,1400,40.27,2200,40.32,38600,40.35,900,40.37,500,40.38,3300,40.4,1100,HOLD
1781056297598,09:51:33,40.31,41.03,41.3,40.0,41.81,2293900.0,92550000.0,40.3,1300,40.29,3600,40.28,1600,40.27,2200,40.26,89200,40.32,38500,40.35,900,40.37,500,40.38,3300,40.4,500,HOLD
1781056300597,09:51:36,40.38,41.03,41.3,40.0,41.81,2335000.0,94210000.0,40.37,1600,40.36,100,40.35,1500,40.34,100,40.32,5300,40.38,2400,40.4,500,40.41,400,40.42,1300,40.43,500,HOLD
1781056303609,09:51:39,40.4,41.03,41.3,40.0,41.81,2337500.0,94310000.0,40.38,1200,40.37,6300,40.36,100,40.35,1300,40.34,100,40.4,400,40.41,400,40.42,1300,40.43,500,40.44,500,HOLD
1781056306617,09:51:45,40.37,41.03,41.3,40.0,41.81,2347800.0,94720000.0,40.36,200,40.35,600,40.34,100,40.32,5400,40.31,100,40.37,500,40.41,300,40.42,1300,40.43,500,40.44,500,HOLD
1781056312635,09:51:51,40.35,41.03,41.3,40.0,41.81,2348600.0,94750000.0,40.34,400,40.32,4900,40.31,100,40.3,1700,40.29,4200,40.35,300,40.36,1200,40.37,800,40.4,100,40.41,300,HOLD
1781056318648,09:51:54,40.34,41.03,41.3,40.0,41.81,2349100.0,94770000.0,40.32,5800,40.31,100,40.3,1600,40.29,4200,40.28,2000,40.33,200,40.34,100,40.35,14600,40.36,200,40.37,800,HOLD
1781056321654,09:52:00,40.3,41.03,41.3,40.0,41.81,2358800.0,95170000.0,40.29,4700,40.28,1900,40.27,2900,40.26,88300,40.25,1100,40.3,1600,40.32,200,40.33,1200,40.34,100,40.36,200,HOLD
1781056327675,09:52:03,40.29,41.03,41.3,40.0,41.81,2364600.0,95400000.0,40.28,2200,40.27,2900,40.26,88100,40.25,1100,40.24,200,40.29,10300,40.3,1600,40.32,600,40.33,1200,40.34,100,HOLD
1781056330680,09:52:09,40.33,41.03,41.3,40.0,41.81,2378000.0,95940000.0,40.32,800,40.29,500,40.28,2400,40.27,5400,40.26,88100,40.33,1000,40.34,100,40.36,200,40.37,800,40.41,300,HOLD
1781056336701,09:52:12,40.32,41.03,41.3,40.0,41.81,2401200.0,96870000.0,40.3,200,40.28,1800,40.27,5400,40.26,88100,40.25,1200,40.32,100,40.33,3200,40.34,11300,40.38,7900,40.41,300,HOLD
1781056339712,09:52:15,40.32,41.03,41.3,40.0,41.81,2401200.0,96870000.0,40.3,400,40.29,2000,40.28,1900,40.27,5500,40.26,89100,40.32,200,40.33,2100,40.34,11300,40.38,6800,40.41,300,HOLD
1781056342724,09:52:18,40.29,41.03,41.3,40.0,41.81,2404200.0,97000000.0,40.28,2000,40.27,5500,40.26,89100,40.25,1200,40.24,200,40.29,700,40.33,2100,40.34,10000,40.38,4200,40.41,300,HOLD
1781056345733,09:52:21,40.32,41.03,41.3,40.0,41.81,2405200.0,97040000.0,40.32,100,40.29,600,40.28,2000,40.27,5900,40.26,88600,40.33,2100,40.34,10000,40.38,4200,40.41,300,40.42,1200,HOLD
1781056348737,09:52:27,40.3,41.03,41.3,40.0,41.81,2409500.0,97210000.0,40.28,300,40.27,5900,40.26,88800,40.25,1200,40.24,200,40.3,200,40.31,400,40.32,500,40.33,700,40.34,10000,HOLD
1781056351739,09:52:30,40.3,41.03,41.3,40.0,41.81,2410000.0,97230000.0,40.27,6300,40.26,89000,40.25,1200,40.24,200,40.23,100,40.28,100,40.3,100,40.31,500,40.32,100,40.33,700,HOLD
1781056357761,09:52:36,40.27,41.03,41.3,40.0,41.81,2410300.0,97240000.0,40.27,6200,40.26,89100,40.25,1200,40.24,200,40.23,100,40.28,1600,40.3,100,40.31,100,40.32,100,40.33,700,HOLD
1781056363778,09:52:42,40.28,41.03,41.3,40.0,41.81,2411900.0,97310000.0,40.27,5500,40.26,89200,40.25,1200,40.24,200,40.23,100,40.28,1000,40.3,100,40.31,100,40.33,700,40.34,10000,HOLD
1781056369775,09:52:45,40.28,41.03,41.3,40.0,41.81,2411900.0,97310000.0,40.27,6400,40.26,89300,40.25,1200,40.24,700,40.23,100,40.28,1000,40.3,100,40.31,100,40.33,700,40.34,10000,HOLD
1781056372787,09:52:48,40.28,41.03,41.3,40.0,41.81,2412500.0,97330000.0,40.27,6500,40.26,89300,40.25,1200,40.24,700,40.23,100,40.28,400,40.3,100,40.31,100,40.33,700,40.34,10000,HOLD
1781056375790,09:52:51,40.26,41.03,41.3,40.0,41.81,2430300.0,98050000.0,40.26,78400,40.25,1100,40.24,700,40.23,100,40.22,200,40.27,800,40.28,400,40.3,100,40.31,100,40.33,700,HOLD
1781056378796,09:52:54,40.21,41.03,41.3,40.0,41.81,2514200.0,101420000.0,40.18,1600,40.17,3100,40.16,500,40.15,900,40.14,200,40.21,1000,40.22,300,40.23,1800,40.24,900,40.25,3900,HOLD
1781056381808,09:52:57,40.21,41.03,41.3,40.0,41.81,2515700.0,101480000.0,40.18,800,40.17,3200,40.16,1100,40.15,900,40.14,200,40.21,400,40.22,300,40.23,1800,40.25,2700,40.26,26200,HOLD
1781056384809,09:53:03,40.21,41.03,41.3,40.0,41.81,2516500.0,101520000.0,40.2,1000,40.19,600,40.18,900,40.17,3400,40.16,1100,40.21,600,40.22,300,40.23,1800,40.25,2000,40.26,4600,HOLD
1781056390834,09:53:09,40.2,41.03,41.3,40.0,41.81,2517400.0,101550000.0,40.19,2000,40.18,900,40.17,3800,40.16,1100,40.15,900,40.2,1900,40.22,300,40.23,1800,40.25,600,40.26,4300,HOLD
1781056396852,09:53:12,40.19,41.03,41.3,40.0,41.81,2518200.0,101580000.0,40.19,1900,40.18,1000,40.17,3800,40.16,1100,40.15,1400,40.2,12700,40.22,300,40.23,1800,40.25,700,40.26,4300,HOLD
1781056399865,09:53:15,40.2,41.03,41.3,40.0,41.81,2524100.0,101820000.0,40.19,2000,40.18,1000,40.17,3800,40.16,1100,40.15,1400,40.2,5400,40.22,300,40.23,1800,40.25,700,40.26,4300,HOLD
1781056402867,09:53:18,40.23,41.03,41.3,40.0,41.81,2530300.0,102070000.0,40.22,700,40.2,3600,40.19,1800,40.18,1000,40.17,3800,40.23,1500,40.25,700,40.26,800,40.27,1400,40.28,400,HOLD
1781056405877,09:53:21,40.25,41.03,41.3,40.0,41.81,2533900.0,102220000.0,40.23,2500,40.22,400,40.21,700,40.2,4300,40.19,4700,40.25,600,40.26,800,40.27,1400,40.28,400,40.31,100,HOLD
1781056408887,09:53:27,40.27,41.03,41.3,40.0,41.81,2536300.0,102310000.0,40.27,1000,40.26,900,40.25,800,40.24,600,40.23,1300,40.28,600,40.31,100,40.33,700,40.34,10000,40.36,200,HOLD
1781056414913,09:53:30,40.28,41.03,41.3,40.0,41.81,2537400.0,102360000.0,40.29,100,40.28,600,40.27,1800,40.26,800,40.25,400,40.31,100,40.33,700,40.34,10000,40.36,200,40.38,3400,HOLD
1781056417919,09:53:33,40.3,41.03,41.3,40.0,41.81,2537800.0,102370000.0,40.29,100,40.28,700,40.27,800,40.26,300,40.25,100,40.31,300,40.33,700,40.34,10000,40.36,200,40.38,3400,HOLD
1781056420925,09:53:36,40.3,41.03,41.3,40.0,41.81,2538100.0,102380000.0,40.3,200,40.29,100,40.28,600,40.27,800,40.26,300,40.31,200,40.33,700,40.34,10000,40.36,200,40.38,3400,HOLD
1781056423947,09:53:39,40.28,41.03,41.3,40.0,41.81,2539100.0,102430000.0,40.28,100,40.27,1200,40.26,300,40.25,100,40.23,800,40.29,1600,40.3,600,40.31,200,40.33,700,40.34,10000,HOLD
1781056426943,09:53:45,40.29,41.03,41.3,40.0,41.81,2540700.0,102490000.0,40.28,2800,40.27,1500,40.26,300,40.25,100,40.23,800,40.29,1100,40.3,500,40.31,200,40.33,700,40.34,10000,HOLD
1781056429958,09:53:48,40.29,41.03,41.3,40.0,41.81,2541900.0,102540000.0,40.29,300,40.28,3000,40.27,1600,40.26,300,40.25,100,40.3,500,40.31,200,40.33,900,40.34,10000,40.36,200,HOLD
1781056435980,09:53:51,40.29,41.03,41.3,40.0,41.81,2544800.0,102650000.0,40.28,500,40.27,1300,40.26,300,40.25,900,40.23,800,40.29,600,40.3,300,40.31,200,40.33,900,40.34,10000,HOLD
1781056438986,09:53:54,40.31,41.03,41.3,40.0,41.81,2546900.0,102740000.0,40.3,900,40.29,1000,40.28,2200,40.27,1200,40.26,300,40.31,100,40.33,900,40.34,10000,40.36,200,40.38,1000,HOLD
1781056441998,09:54:00,40.31,41.03,41.3,40.0,41.81,2549000.0,102820000.0,40.3,1200,40.29,1200,40.28,1900,40.27,900,40.26,300,40.31,1300,40.33,900,40.34,10000,40.36,200,40.38,1000,HOLD
1781056448012,09:54:06,40.27,41.03,41.3,40.0,41.81,2555900.0,103100000.0,40.26,400,40.25,900,40.23,800,40.22,500,40.21,100,40.27,2900,40.3,1500,40.31,1400,40.33,900,40.34,10000,HOLD
1781056454040,09:54:12,40.27,41.03,41.3,40.0,41.81,2557400.0,103160000.0,40.26,300,40.25,1200,40.23,1200,40.22,500,40.21,100,40.27,2500,40.3,400,40.31,1100,40.33,900,40.34,10000,HOLD
1781056460067,09:54:18,40.27,41.03,41.3,40.0,41.81,2560500.0,103290000.0,40.27,2000,40.26,1400,40.25,800,40.23,1200,40.22,500,40.3,400,40.31,1100,40.33,900,40.34,10000,40.35,100,HOLD
1781056463071,09:54:21,40.27,41.03,41.3,40.0,41.81,2564200.0,103440000.0,40.28,500,40.27,600,40.26,1500,40.25,800,40.23,1200,40.3,200,40.31,1100,40.33,900,40.34,10000,40.35,100,HOLD
1781056466085,09:54:24,40.28,41.03,41.3,40.0,41.81,2564600.0,103450000.0,40.28,100,40.27,600,40.26,1500,40.25,800,40.23,1200,40.3,200,40.31,1100,40.33,900,40.34,10000,40.35,100,HOLD
1781056469094,09:54:27,40.28,41.03,41.3,40.0,41.81,2564700.0,103460000.0,40.27,700,40.26,1500,40.25,700,40.23,1200,40.22,400,40.29,200,40.3,200,40.31,1100,40.33,900,40.34,10000,HOLD
1781056475108,09:54:33,40.28,41.03,41.3,40.0,41.81,2568600.0,103610000.0,40.24,100,40.23,1100,40.22,400,40.21,200,40.2,2600,40.28,18100,40.3,200,40.31,5600,40.33,900,40.34,10000,HOLD
1781056478115,09:54:36,40.31,41.03,41.3,40.0,41.81,2592000.0,104560000.0,40.3,1200,40.29,200,40.28,200,40.25,100,40.24,1200,40.31,500,40.33,900,40.34,10000,40.35,100,40.36,200,HOLD
1781056484140,09:54:39,40.3,41.03,41.3,40.0,41.81,2593500.0,104620000.0,40.31,200,40.3,500,40.29,300,40.28,200,40.27,400,40.33,900,40.34,10000,40.35,100,40.36,200,40.38,1000,HOLD
1781056487123,09:54:45,40.31,41.03,41.3,40.0,41.81,2593800.0,104630000.0,40.31,1300,40.3,1000,40.29,400,40.28,600,40.27,400,40.32,300,40.33,1400,40.34,10000,40.35,100,40.36,200,HOLD
1781056493137,09:54:48,40.31,41.03,41.3,40.0,41.81,2594400.0,104650000.0,40.31,100,40.3,1000,40.29,400,40.28,600,40.27,600,40.32,200,40.33,1400,40.34,10000,40.35,100,40.36,200,HOLD
1781056496147,09:54:54,40.33,41.03,41.3,40.0,41.81,2595300.0,104690000.0,40.32,2500,40.31,400,40.3,1000,40.29,400,40.28,600,40.33,1100,40.34,10000,40.35,100,40.36,200,40.38,1000,HOLD
1781056502172,09:54:57,40.33,41.03,41.3,40.0,41.81,2596800.0,104750000.0,40.33,2700,40.32,2200,40.31,1100,40.3,600,40.29,800,40.34,10000,40.35,100,40.36,200,40.38,1000,40.4,500,HOLD
1781056505195,09:55:00,40.34,41.03,41.3,40.0,41.81,2597300.0,104770000.0,40.33,2800,40.32,3000,40.31,600,40.3,600,40.29,800,40.34,9500,40.35,100,40.36,200,40.38,500,40.4,500,HOLD
1781056508184,09:55:03,40.34,41.03,41.3,40.0,41.81,2597500.0,104780000.0,40.33,3200,40.32,3000,40.31,600,40.3,600,40.29,800,40.34,9300,40.35,100,40.36,200,40.4,500,40.42,1200,HOLD
1781056511189,09:55:06,40.35,41.03,41.3,40.0,41.81,2607600.0,105190000.0,40.37,100,40.36,1100,40.35,3100,40.34,3600,40.33,2800,40.4,500,40.42,1200,40.44,500,40.45,2900,40.46,200,HOLD
1781056514205,09:55:09,40.34,41.03,41.3,40.0,41.81,2613400.0,105420000.0,40.34,1200,40.33,3300,40.32,1600,40.31,500,40.3,600,40.35,100,40.36,200,40.37,600,40.38,200,40.4,500,HOLD
1781056517209,09:55:15,40.37,41.03,41.3,40.0,41.81,2614700.0,105470000.0,40.34,4900,40.33,3400,40.32,1600,40.31,500,40.3,600,40.37,100,40.38,200,40.4,500,40.42,1200,40.44,500,HOLD
1781056523231,09:55:18,40.34,41.03,41.3,40.0,41.81,2621100.0,105730000.0,40.33,3400,40.32,1600,40.31,400,40.3,600,40.29,700,40.34,20700,40.37,100,40.38,1000,40.4,500,40.42,1200,HOLD
1781056526235,09:55:21,40.32,41.03,41.3,40.0,41.81,2626600.0,105950000.0,40.31,400,40.3,500,40.29,700,40.28,400,40.27,200,40.32,900,40.33,100,40.34,20700,40.37,100,40.38,1000,HOLD
1781056529243,09:55:24,40.29,41.03,41.3,40.0,41.81,2627900.0,106000000.0,40.29,400,40.28,400,40.27,200,40.25,500,40.24,200,40.31,400,40.32,500,40.34,20700,40.37,100,40.38,1000,HOLD
1781056532258,09:55:30,40.25,41.03,41.3,40.0,41.81,2629900.0,106080000.0,40.24,300,40.23,300,40.22,100,40.21,100,40.2,3500,40.25,400,40.26,200,40.27,800,40.29,100,40.31,200,HOLD
1781056538273,09:55:36,40.2,41.03,41.3,40.0,41.81,2637300.0,106380000.0,40.2,300,40.19,4000,40.18,1100,40.17,2200,40.16,600,40.21,100,40.22,700,40.23,900,40.24,3200,40.25,3500,HOLD
1781056541274,09:55:39,40.21,41.03,41.3,40.0,41.81,2637500.0,106390000.0,40.21,100,40.2,300,40.19,4000,40.18,1100,40.17,2200,40.22,700,40.23,900,40.24,3200,40.25,3400,40.27,800,HOLD
1781056544282,09:55:42,40.21,41.03,41.3,40.0,41.81,2638400.0,106430000.0,40.21,1200,40.2,1500,40.19,4000,40.18,1100,40.17,2200,40.22,700,40.23,900,40.25,3300,40.27,800,40.3,2600,HOLD
1781056550300,09:55:45,40.21,41.03,41.3,40.0,41.81,2639700.0,106480000.0,40.2,2500,40.19,4000,40.18,1100,40.17,2200,40.16,600,40.21,100,40.22,700,40.23,900,40.25,3300,40.27,800,HOLD
1781056553307,09:55:51,40.21,41.03,41.3,40.0,41.81,2643400.0,106630000.0,40.2,5400,40.19,4100,40.18,1100,40.17,2700,40.16,600,40.21,900,40.22,700,40.23,900,40.25,3300,40.27,800,HOLD
1781056556312,09:55:54,40.2,41.03,41.3,40.0,41.81,2647900.0,106810000.0,40.2,1200,40.19,4100,40.18,1100,40.17,2700,40.16,600,40.21,900,40.22,700,40.23,900,40.25,3300,40.27,800,HOLD
1781056562334,09:56:00,40.21,41.03,41.3,40.0,41.81,2649600.0,106880000.0,40.21,300,40.2,1300,40.19,4100,40.18,1100,40.17,2800,40.22,700,40.25,3300,40.27,500,40.3,2600,40.32,200,HOLD
1781056568348,09:56:06,40.2,41.03,41.3,40.0,41.81,2650200.0,106900000.0,40.2,1800,40.19,4100,40.18,1100,40.17,2800,40.16,600,40.21,1800,40.22,800,40.25,2500,40.27,100,40.3,2600,HOLD
1781056571364,09:56:09,40.21,41.03,41.3,40.0,41.81,2650400.0,106910000.0,40.2,1800,40.19,4100,40.18,1300,40.17,2800,40.16,600,40.21,1800,40.22,400,40.25,2500,40.27,100,40.3,2600,HOLD
1781056574366,09:56:12,40.2,41.03,41.3,40.0,41.81,2651400.0,106950000.0,40.2,1100,40.19,4200,40.18,1300,40.17,2800,40.16,600,40.21,1800,40.22,400,40.25,2500,40.27,100,40.3,2600,HOLD
1781056577378,09:56:15,40.21,41.03,41.3,40.0,41.81,2655500.0,107110000.0,40.21,4400,40.2,2700,40.19,4200,40.18,1300,40.17,2800,40.27,100,40.3,2600,40.32,200,40.33,200,40.37,100,HOLD
1781056580386,09:56:18,40.21,41.03,41.3,40.0,41.81,2656800.0,107170000.0,40.21,4200,40.2,2800,40.19,4200,40.18,1300,40.17,2800,40.27,800,40.3,2600,40.32,200,40.33,200,40.37,100,HOLD
1781056583392,09:56:21,40.27,41.03,41.3,40.0,41.81,2657200.0,107180000.0,40.25,700,40.24,100,40.23,300,40.22,700,40.21,7000,40.27,600,40.3,2600,40.32,200,40.33,200,40.37,100,HOLD
1781056586424,09:56:24,40.27,41.03,41.3,40.0,41.81,2657800.0,107210000.0,40.25,500,40.24,100,40.23,300,40.21,7000,40.2,24500,40.27,200,40.3,2600,40.32,200,40.33,200,40.37,100,HOLD
1781056589411,09:56:27,40.27,41.03,41.3,40.0,41.81,2657800.0,107210000.0,40.25,600,40.24,200,40.23,900,40.21,7000,40.2,24500,40.27,200,40.3,2600,40.31,7000,40.32,200,40.33,200,HOLD
1781056595440,09:56:33,40.27,41.03,41.3,40.0,41.81,2681900.0,108180000.0,40.24,5500,40.23,900,40.21,7000,40.2,28600,40.19,4100,40.3,3000,40.31,7000,40.32,200,40.33,200,40.37,100,HOLD
1781056598447,09:56:36,40.27,41.03,41.3,40.0,41.81,2681900.0,108180000.0,40.24,5600,40.23,1000,40.21,7000,40.2,29900,40.19,4100,40.29,500,40.3,3600,40.31,7000,40.32,200,40.33,200,HOLD
1781056604484,09:56:39,40.27,41.03,41.3,40.0,41.81,2681900.0,108180000.0,40.25,2000,40.24,5500,40.23,1600,40.21,7000,40.2,30500,40.26,10000,40.28,1000,40.29,500,40.3,3600,40.31,7000,HOLD
1781056607477,09:56:42,40.25,41.03,41.3,40.0,41.81,2684200.0,108270000.0,40.25,400,40.24,5600,40.23,1600,40.21,7000,40.2,30500,40.26,9300,40.28,1000,40.29,500,40.3,3600,40.31,7000,HOLD
1781056610480,09:56:45,40.22,41.03,41.3,40.0,41.81,2695900.0,108740000.0,40.21,7600,40.2,30800,40.19,3900,40.18,1300,40.17,2200,40.24,5500,40.25,200,40.26,9300,40.28,1000,40.29,500,HOLD
1781056613495,09:56:51,40.22,41.03,41.3,40.0,41.81,2696500.0,108760000.0,40.22,500,40.21,8500,40.2,31000,40.19,3900,40.18,1300,40.23,200,40.24,5300,40.25,200,40.26,9300,40.28,1000,HOLD
1781056616505,09:56:54,40.22,41.03,41.3,40.0,41.81,2696700.0,108770000.0,40.22,300,40.21,8500,40.2,31100,40.19,3900,40.18,1300,40.23,200,40.24,5300,40.25,200,40.26,9300,40.28,1000,HOLD
1781056619519,09:56:57,40.22,41.03,41.3,40.0,41.81,2697000.0,108780000.0,40.22,300,40.21,8500,40.2,31100,40.19,3800,40.18,1800,40.23,100,40.24,5300,40.25,200,40.26,9300,40.28,1000,HOLD
1781056622532,09:57:00,40.22,41.03,41.3,40.0,41.81,2697300.0,108800000.0,40.22,200,40.21,8600,40.2,31100,40.19,3800,40.18,1300,40.23,100,40.24,5300,40.25,400,40.26,9300,40.28,1000,HOLD
1781056625542,09:57:03,40.23,41.03,41.3,40.0,41.81,2697400.0,108800000.0,40.23,100,40.22,300,40.21,8600,40.2,30600,40.19,3800,40.24,5300,40.25,400,40.26,9300,40.28,1000,40.29,800,HOLD
1781056628547,09:57:06,40.23,41.03,41.3,40.0,41.81,2697600.0,108810000.0,40.22,800,40.21,8600,40.2,31500,40.19,3800,40.18,1300,40.23,300,40.24,5300,40.25,400,40.26,9300,40.28,1000,HOLD
1781056634559,09:57:09,40.24,41.03,41.3,40.0,41.81,2700400.0,108920000.0,40.23,7200,40.22,2900,40.21,8600,40.2,31500,40.19,3800,40.24,3000,40.25,400,40.26,9300,40.28,1000,40.29,800,HOLD
1781056637558,09:57:12,40.3,41.03,41.3,40.0,41.81,2715400.0,109530000.0,40.28,500,40.27,200,40.26,1300,40.25,200,40.24,5800,40.3,3000,40.31,7000,40.32,200,40.33,200,40.37,100,HOLD
1781056640565,09:57:15,40.29,41.03,41.3,40.0,41.81,2718200.0,109640000.0,40.29,2700,40.28,300,40.26,1200,40.25,600,40.24,3900,40.3,2500,40.31,7000,40.32,200,40.33,200,40.37,100,HOLD
1781056643573,09:57:21,40.31,41.03,41.3,40.0,41.81,2721300.0,109760000.0,40.3,200,40.29,4500,40.28,300,40.26,400,40.25,300,40.31,6800,40.32,200,40.33,200,40.37,100,40.38,1100,HOLD
1781056649582,09:57:27,40.33,41.03,41.3,40.0,41.81,2728500.0,110050000.0,40.33,1200,40.32,5000,40.31,700,40.3,400,40.29,1800,40.36,200,40.37,200,40.38,1100,40.42,400,40.44,200,HOLD
1781056652593,09:57:30,40.32,41.03,41.3,40.0,41.81,2730800.0,110150000.0,40.32,4700,40.31,100,40.3,900,40.29,1800,40.28,300,40.33,300,40.34,600,40.35,300,40.36,200,40.37,200,HOLD
1781056658621,09:57:36,40.28,41.03,41.3,40.0,41.81,2738600.0,110460000.0,40.28,100,40.25,300,40.24,3700,40.23,3700,40.22,1600,40.29,300,40.3,2500,40.31,2200,40.32,1900,40.33,4100,HOLD
1781056661621,09:57:39,40.31,41.03,41.3,40.0,41.81,2743200.0,110650000.0,40.25,300,40.24,3700,40.23,3700,40.22,1600,40.21,6100,40.31,1900,40.32,1900,40.33,4100,40.35,300,40.36,200,HOLD
1781056664640,09:57:42,40.31,41.03,41.3,40.0,41.81,2743200.0,110650000.0,40.25,600,40.24,2600,40.23,3700,40.22,1600,40.21,6100,40.27,400,40.31,1900,40.32,1800,40.33,3900,40.35,300,HOLD
1781056667639,09:57:45,40.27,41.03,41.3,40.0,41.81,2744500.0,110700000.0,40.25,600,40.24,1100,40.23,3700,40.22,1600,40.21,6100,40.27,100,40.28,200,40.31,1500,40.32,800,40.33,2000,HOLD
1781056670646,09:57:48,40.27,41.03,41.3,40.0,41.81,2744500.0,110700000.0,40.25,600,40.24,1200,40.23,3700,40.22,1600,40.21,6100,40.27,100,40.31,1500,40.32,500,40.33,2000,40.35,300,HOLD
1781056676669,09:57:54,40.22,41.03,41.3,40.0,41.81,2750300.0,110930000.0,40.22,200,40.21,6200,40.2,43500,40.19,1300,40.18,1200,40.23,100,40.24,8500,40.25,1200,40.26,400,40.27,2100,HOLD
1781056679673,09:57:57,40.21,41.03,41.3,40.0,41.81,2753400.0,111060000.0,40.21,2300,40.2,43500,40.19,1300,40.18,1200,40.17,2000,40.23,100,40.24,8400,40.25,1200,40.26,400,40.27,2100,HOLD
1781056682686,09:58:00,40.21,41.03,41.3,40.0,41.81,2754800.0,111110000.0,40.21,900,40.2,43100,40.19,1300,40.18,1200,40.17,2000,40.22,1300,40.23,100,40.24,6500,40.25,100,40.26,400,HOLD
1781056685699,09:58:03,40.2,41.03,41.3,40.0,41.81,2757000.0,111200000.0,40.2,42200,40.19,1300,40.18,1200,40.17,2000,40.16,600,40.21,600,40.22,1000,40.23,100,40.24,5400,40.27,400,HOLD
1781056691722,09:58:09,40.15,41.03,41.3,40.0,41.81,2806100.0,113170000.0,40.13,400,40.12,600,40.11,4300,40.1,13000,40.09,1200,40.16,2600,40.17,1900,40.18,800,40.2,12700,40.21,6100,HOLD
1781056697745,09:58:15,40.16,41.03,41.3,40.0,41.81,2807300.0,113220000.0,40.12,400,40.11,4300,40.1,13000,40.09,1200,40.08,2300,40.16,3900,40.17,1600,40.2,11000,40.21,4100,40.22,800,HOLD
1781056703786,09:58:21,40.12,41.03,41.3,40.0,41.81,2807600.0,113230000.0,40.12,400,40.11,4300,40.1,13000,40.09,1000,40.08,2300,40.13,1900,40.16,500,40.2,11000,40.21,400,40.22,800,HOLD
1781056706774,09:58:24,40.11,41.03,41.3,40.0,41.81,2812300.0,113420000.0,40.1,13100,40.09,1000,40.08,2300,40.07,200,40.06,100,40.12,2900,40.13,1900,40.16,500,40.2,11000,40.21,400,HOLD
1781056709770,09:58:27,40.12,41.03,41.3,40.0,41.81,2815900.0,113570000.0,40.1,11600,40.09,1100,40.08,2300,40.07,200,40.06,100,40.12,2300,40.13,3800,40.16,500,40.2,7600,40.21,400,HOLD
1781056712772,09:58:30,40.1,41.03,41.3,40.0,41.81,2817000.0,113610000.0,40.1,10500,40.09,1100,40.08,2400,40.07,200,40.06,100,40.12,2300,40.13,3800,40.16,500,40.2,7600,40.21,400,HOLD
1781056715786,09:58:33,40.12,41.03,41.3,40.0,41.81,2820300.0,113740000.0,40.1,7400,40.09,1100,40.08,2400,40.07,200,40.06,100,40.11,600,40.12,6000,40.13,1900,40.16,500,40.2,7600,HOLD
1781056721804,09:58:39,40.1,41.03,41.3,40.0,41.81,2832900.0,114250000.0,40.09,600,40.08,3000,40.07,200,40.06,100,40.05,1500,40.1,4600,40.11,600,40.12,7300,40.16,500,40.2,1300,HOLD
1781056724828,09:58:42,40.08,41.03,41.3,40.0,41.81,2836900.0,114410000.0,40.07,400,40.06,100,40.05,1500,40.04,6800,40.03,3300,40.08,600,40.09,6700,40.1,6600,40.11,600,40.12,7300,HOLD
1781056727829,09:58:45,40.08,41.03,41.3,40.0,41.81,2839800.0,114530000.0,40.05,1300,40.04,6800,40.03,3300,40.02,2100,40.01,2900,40.07,2900,40.08,1400,40.09,6500,40.1,6700,40.12,5700,HOLD
1781056730837,09:58:48,40.05,41.03,41.3,40.0,41.81,2841100.0,114580000.0,40.04,6800,40.03,3200,40.02,2100,40.01,2900,40.0,93800,40.05,1800,40.07,4800,40.08,1300,40.09,6400,40.1,6600,HOLD
1781056736849,09:58:51,40.04,41.03,41.3,40.0,41.81,2844400.0,114710000.0,40.04,4300,40.03,3200,40.02,2100,40.01,2900,40.0,93700,40.05,1200,40.07,4800,40.08,1300,40.09,6400,40.1,5800,HOLD
1781056739853,09:58:57,40.04,41.03,41.3,40.0,41.81,2849500.0,114910000.0,40.03,4700,40.02,2100,40.01,4000,40.0,94700,39.99,3700,40.04,5000,40.05,800,40.07,6800,40.08,200,40.09,5400,HOLD
1781056742860,09:59:00,40.04,41.03,41.3,40.0,41.81,2850900.0,114970000.0,40.03,3700,40.02,2100,40.01,11900,40.0,94700,39.99,3700,40.04,7900,40.05,800,40.07,4900,40.08,200,40.09,5400,HOLD
1781056745860,09:59:03,40.03,41.03,41.3,40.0,41.81,2855200.0,115140000.0,40.02,2100,40.01,12700,40.0,95200,39.99,3700,39.98,1100,40.04,8600,40.05,800,40.07,4900,40.08,200,40.09,5400,HOLD
1781056751874,09:59:09,40.06,41.03,41.3,40.0,41.81,2871000.0,115780000.0,40.06,3200,40.05,100,40.04,3100,40.03,600,40.02,2100,40.07,300,40.08,200,40.09,5400,40.1,100,40.11,300,HOLD
1781056754876,09:59:12,40.06,41.03,41.3,40.0,41.81,2872200.0,115820000.0,40.07,100,40.06,2300,40.05,100,40.04,3400,40.03,1900,40.08,200,40.09,1300,40.1,100,40.11,300,40.12,2600,HOLD
1781056757886,09:59:15,40.12,41.03,41.3,40.0,41.81,2874200.0,115900000.0,40.07,1600,40.06,2300,40.05,100,40.04,3500,40.03,1300,40.12,2000,40.16,500,40.2,600,40.21,400,40.27,400,HOLD
1781056760895,09:59:18,40.07,41.03,41.3,40.0,41.81,2877500.0,116040000.0,40.08,100,40.07,5500,40.06,2900,40.05,100,40.04,3500,40.12,2000,40.16,500,40.2,600,40.21,400,40.27,400,HOLD
1781056766902,09:59:24,40.12,41.03,41.3,40.0,41.81,2878400.0,116070000.0,40.08,200,40.07,6500,40.06,4900,40.05,100,40.04,3200,40.12,2100,40.16,500,40.2,600,40.21,400,40.27,400,HOLD
1781056769910,09:59:27,40.12,41.03,41.3,40.0,41.81,2878400.0,116070000.0,40.09,100,40.08,200,40.07,6000,40.06,4900,40.05,800,40.11,100,40.12,2200,40.16,500,40.2,600,40.21,400,HOLD
1781056772918,09:59:30,40.1,41.03,41.3,40.0,41.81,2879600.0,116120000.0,40.1,200,40.09,100,40.08,500,40.07,6100,40.06,4900,40.12,2200,40.16,500,40.2,600,40.21,400,40.27,400,HOLD
1781056778929,09:59:36,40.12,41.03,41.3,40.0,41.81,2882500.0,116240000.0,40.12,300,40.11,500,40.1,500,40.08,1100,40.07,7400,40.19,1000,40.2,600,40.21,400,40.27,400,40.31,1100,HOLD
1781056781940,09:59:39,40.12,41.03,41.3,40.0,41.81,2883500.0,116280000.0,40.11,500,40.1,500,40.08,1100,40.07,7500,40.06,6300,40.19,800,40.2,600,40.21,400,40.27,400,40.31,1100,HOLD
1781056784955,09:59:42,40.19,41.03,41.3,40.0,41.81,2884100.0,116300000.0,40.15,300,40.14,700,40.13,100,40.12,1400,40.11,900,40.19,300,40.2,600,40.21,400,40.27,400,40.31,1100,HOLD
1781056787951,09:59:45,40.19,41.03,41.3,40.0,41.81,2884200.0,116300000.0,40.16,100,40.15,300,40.14,700,40.13,100,40.12,2100,40.19,400,40.2,600,40.21,400,40.27,400,40.31,1100,HOLD
1781056793972,09:59:51,40.18,41.03,41.3,40.0,41.81,2885600.0,116360000.0,40.16,100,40.14,700,40.12,2200,40.11,500,40.1,800,40.18,800,40.19,100,40.2,600,40.21,400,40.27,400,HOLD
1781056796987,09:59:54,40.16,41.03,41.3,40.0,41.81,2886000.0,116380000.0,40.14,700,40.12,1500,40.11,500,40.1,800,40.08,1000,40.16,200,40.18,800,40.19,100,40.2,600,40.21,400,HOLD
1781056799988,09:59:57,40.17,41.03,41.3,40.0,41.81,2886300.0,116390000.0,40.13,500,40.12,1500,40.11,500,40.1,800,40.08,1000,40.17,200,40.18,800,40.19,100,40.2,600,40.21,400,HOLD
1781056802996,10:00:00,40.14,41.03,41.3,40.0,41.81,2888100.0,116460000.0,40.14,100,40.12,800,40.11,500,40.1,800,40.08,1000,40.16,100,40.17,2300,40.18,800,40.19,100,40.2,600,HOLD
1781056806046,10:00:03,40.12,41.03,41.3,40.0,41.81,2889600.0,116520000.0,40.12,200,40.1,800,40.08,800,40.07,3800,40.06,6800,40.13,600,40.14,100,40.15,300,40.16,1500,40.17,2300,HOLD
1781056809019,10:00:06,40.07,41.03,41.3,40.0,41.81,2893200.0,116670000.0,40.07,2700,40.06,5400,40.05,1600,40.04,400,40.03,1600,40.08,1300,40.12,3700,40.13,500,40.14,100,40.15,300,HOLD
1781056812017,10:00:09,40.07,41.03,41.3,40.0,41.81,2896000.0,116780000.0,40.07,1700,40.06,5400,40.05,1600,40.04,400,40.03,1600,40.09,100,40.1,400,40.11,200,40.12,4800,40.13,500,HOLD
1781056818041,10:00:15,40.06,41.03,41.3,40.0,41.81,2904200.0,117110000.0,40.05,1600,40.04,400,40.03,1600,40.02,2300,40.01,12200,40.06,800,40.07,2000,40.08,700,40.09,900,40.1,400,HOLD
1781056821051,10:00:18,40.08,41.03,41.3,40.0,41.81,2907400.0,117230000.0,40.08,9000,40.07,7800,40.06,200,40.05,1600,40.04,400,40.1,400,40.11,200,40.12,4600,40.13,500,40.14,3000,HOLD
1781056824067,10:00:21,40.08,41.03,41.3,40.0,41.81,2907700.0,117250000.0,40.08,8700,40.07,8700,40.06,900,40.05,1600,40.04,400,40.1,400,40.11,200,40.12,4600,40.13,500,40.14,3000,HOLD
1781056827072,10:00:24,40.1,41.03,41.3,40.0,41.81,2912600.0,117440000.0,40.09,100,40.08,5200,40.07,8700,40.06,900,40.05,1900,40.1,200,40.11,200,40.12,4600,40.13,500,40.14,3000,HOLD
1781056830075,10:00:27,40.09,41.03,41.3,40.0,41.81,2912700.0,117450000.0,40.09,100,40.08,5200,40.07,8700,40.06,700,40.05,1900,40.1,200,40.11,200,40.12,4600,40.13,500,40.14,3000,HOLD
1781056833093,10:00:30,40.07,41.03,41.3,40.0,41.81,2919400.0,117720000.0,40.07,10100,40.06,700,40.05,2000,40.04,400,40.03,1600,40.08,24700,40.1,3100,40.11,200,40.12,4600,40.13,500,HOLD
1781056836096,10:00:33,40.07,41.03,41.3,40.0,41.81,2946400.0,118800000.0,40.07,7800,40.06,900,40.05,2000,40.04,900,40.03,1600,40.08,100,40.09,500,40.1,3100,40.11,200,40.12,4600,HOLD
1781056839102,10:00:36,40.09,41.03,41.3,40.0,41.81,2947000.0,118820000.0,40.08,900,40.07,7900,40.06,900,40.05,2000,40.04,900,40.1,3100,40.11,200,40.12,2400,40.13,500,40.14,3000,HOLD
1781056842105,10:00:39,40.14,41.03,41.3,40.0,41.81,2972500.0,119840000.0,40.09,800,40.08,200,40.07,13700,40.06,1400,40.05,2000,40.14,2500,40.15,700,40.16,300,40.17,700,40.18,800,HOLD
1781056845127,10:00:42,40.15,41.03,41.3,40.0,41.81,2975800.0,119980000.0,40.15,800,40.13,3400,40.12,600,40.11,400,40.1,1600,40.16,200,40.17,700,40.18,800,40.19,100,40.2,600,HOLD
1781056851133,10:00:48,40.19,41.03,41.3,40.0,41.81,2977600.0,120050000.0,40.19,100,40.18,100,40.17,3700,40.16,1700,40.15,500,40.2,600,40.21,400,40.25,500,40.27,400,40.31,1300,HOLD
1781056854143,10:00:51,40.21,41.03,41.3,40.0,41.81,2978600.0,120090000.0,40.21,200,40.2,500,40.19,1200,40.18,100,40.17,5600,40.25,500,40.27,400,40.31,1300,40.32,3100,40.35,200,HOLD
1781056857156,10:00:54,40.18,41.03,41.3,40.0,41.81,3000300.0,120960000.0,40.17,4600,40.16,100,40.15,500,40.14,300,40.13,900,40.25,2300,40.27,400,40.31,1300,40.32,3100,40.35,200,HOLD
1781056860158,10:00:57,40.17,41.03,41.3,40.0,41.81,3034600.0,122340000.0,40.13,18400,40.11,3800,40.1,800,40.09,1200,40.08,300,40.17,200,40.23,1500,40.24,1800,40.25,2300,40.27,400,HOLD
1781056863167,10:01:00,40.19,41.03,41.3,40.0,41.81,3035500.0,122370000.0,40.14,1000,40.13,17700,40.11,3800,40.1,900,40.09,1100,40.17,1300,40.19,800,40.22,2000,40.23,800,40.24,100,HOLD
1781056866179,10:01:03,40.17,41.03,41.3,40.0,41.81,3035700.0,122380000.0,40.15,900,40.14,400,40.13,17700,40.11,3800,40.1,900,40.17,1100,40.19,800,40.22,2000,40.23,100,40.24,100,HOLD
1781056869185,10:01:06,40.17,41.03,41.3,40.0,41.81,3035700.0,122380000.0,40.16,1100,40.15,900,40.14,400,40.13,17700,40.11,3800,40.17,1500,40.19,800,40.22,2000,40.23,100,40.24,100,HOLD
1781056872197,10:01:09,40.16,41.03,41.3,40.0,41.81,3036300.0,122410000.0,40.16,800,40.15,900,40.14,400,40.13,100,40.12,4000,40.17,1200,40.19,800,40.22,2000,40.23,100,40.24,100,HOLD
1781056875210,10:01:12,40.16,41.03,41.3,40.0,41.81,3037300.0,122450000.0,40.15,100,40.14,400,40.13,100,40.12,4000,40.11,3700,40.16,600,40.17,1200,40.19,800,40.22,2000,40.23,100,HOLD
1781056878215,10:01:15,40.17,41.03,41.3,40.0,41.81,3038900.0,122510000.0,40.14,400,40.13,100,40.12,4000,40.11,3700,40.1,500,40.17,200,40.19,800,40.22,1000,40.23,100,40.24,100,HOLD
1781056884233,10:01:21,40.16,41.03,41.3,40.0,41.81,3040700.0,122580000.0,40.16,500,40.14,400,40.13,2000,40.12,4000,40.11,3700,40.19,900,40.22,1000,40.23,100,40.24,100,40.25,1000,HOLD
1781056887240,10:01:24,40.16,41.03,41.3,40.0,41.81,3041700.0,122620000.0,40.17,100,40.16,800,40.15,100,40.14,400,40.13,2000,40.19,700,40.22,1000,40.23,100,40.24,100,40.25,1000,HOLD
1781056890248,10:01:27,40.17,41.03,41.3,40.0,41.81,3043100.0,122680000.0,40.17,400,40.16,800,40.15,200,40.14,400,40.13,2100,40.19,300,40.2,400,40.22,1000,40.23,100,40.24,100,HOLD
1781056893259,10:01:30,40.19,41.03,41.3,40.0,41.81,3044000.0,122710000.0,40.19,300,40.17,500,40.16,800,40.15,2000,40.13,2100,40.22,1000,40.23,100,40.24,100,40.25,1000,40.27,400,HOLD
1781056899265,10:01:36,40.16,41.03,41.3,40.0,41.81,3046600.0,122820000.0,40.16,800,40.15,2000,40.13,2100,40.12,4000,40.11,3700,40.19,300,40.22,1100,40.23,100,40.24,100,40.25,1000,HOLD
1781056902266,10:01:39,40.18,41.03,41.3,40.0,41.81,3046800.0,122830000.0,40.16,800,40.15,2000,40.13,2100,40.12,4000,40.11,3700,40.19,400,40.22,1100,40.23,100,40.24,100,40.25,1000,HOLD
1781056908303,10:01:45,40.17,41.03,41.3,40.0,41.81,3048200.0,122880000.0,40.16,100,40.15,1800,40.13,2100,40.12,4000,40.11,3700,40.17,100,40.18,100,40.19,700,40.21,5000,40.22,1000,HOLD
1781056911293,10:01:48,40.16,41.03,41.3,40.0,41.81,3048400.0,122890000.0,40.15,1800,40.13,2100,40.12,4400,40.11,3700,40.1,1600,40.16,100,40.18,100,40.19,700,40.21,5000,40.22,1000,HOLD
1781056914303,10:01:51,40.16,41.03,41.3,40.0,41.81,3048500.0,122900000.0,40.15,1800,40.13,2100,40.12,4400,40.11,3700,40.1,1600,40.16,100,40.18,100,40.19,600,40.21,5000,40.22,1000,HOLD
1781056917317,10:01:54,40.16,41.03,41.3,40.0,41.81,3048600.0,122900000.0,40.16,500,40.15,1800,40.13,2100,40.12,4400,40.11,3700,40.18,100,40.19,600,40.21,5000,40.22,1000,40.23,100,HOLD
1781056923339,10:02:00,40.16,41.03,41.3,40.0,41.81,3049200.0,122920000.0,40.16,2400,40.15,2300,40.13,2100,40.12,4000,40.11,3700,40.18,200,40.19,600,40.21,5000,40.22,1000,40.23,100,HOLD
1781056926342,10:02:03,40.24,41.03,41.3,40.0,41.81,3057300.0,123250000.0,40.24,2100,40.23,9800,40.22,1000,40.21,200,40.2,1900,40.27,400,40.3,1000,40.31,1200,40.32,2900,40.33,200,HOLD
1781056929349,10:02:06,40.3,41.03,41.3,40.0,41.81,3057800.0,123270000.0,40.25,400,40.24,3400,40.23,9700,40.22,900,40.21,800,40.3,100,40.31,1200,40.32,2900,40.33,200,40.35,200,HOLD
