local_time_ms,server_time,price,open,high,low,prev_close,cum_volume,cum_amount,bp1,bv1,bp2,bv2,bp3,bv3,bp4,bv4,bp5,bv5,sp1,sv1,sp2,sv2,sp3,sv3,sp4,sv4,sp5,sv5,signal
1782350700140,09:24:57,40.23,0.0,0.0,0.0,39.34,0.0,0.0,40.23,26200,0.0,2800,0.0,0,0.0,0,0.0,0,40.23,26200,0.0,0,0.0,0,0.0,0,0.0,0,HOLD
1782350706111,09:25:00,40.23,40.23,40.23,40.23,39.34,36200.0,1460000.0,40.23,2000,40.2,300,40.13,1500,40.12,100,40.0,11000,40.26,300,40.3,800,40.33,11800,40.38,100,40.4,500,HOLD
1782350811444,09:26:45,40.23,40.23,40.23,40.23,39.34,36200.0,1460000.0,40.23,2000,40.2,300,40.13,1500,40.12,100,40.0,11000,40.26,300,40.3,800,40.33,11800,40.38,100,40.4,500,HOLD
1782350870065,09:27:45,40.23,40.23,40.23,40.23,39.34,36200.0,1460000.0,40.23,2000,40.2,300,40.13,1500,40.12,100,40.0,11000,40.26,300,40.3,800,40.33,11800,40.38,100,40.4,500,HOLD
1782350927253,09:28:45,40.23,40.23,40.23,40.23,39.34,36200.0,1460000.0,40.23,2000,40.2,300,40.13,1500,40.12,100,40.0,11000,40.26,300,40.3,800,40.33,11800,40.38,100,40.4,500,HOLD
1782350987395,09:29:45,40.23,40.23,40.23,40.23,39.34,36200.0,1460000.0,40.23,2000,40.2,300,40.13,1500,40.12,100,40.0,11000,40.26,300,40.3,800,40.33,11800,40.38,100,40.4,500,HOLD
1782351005426,09:30:00,40.22,40.23,40.3,40.0,39.34,52400.0,2110000.0,40.2,400,40.0,8200,39.98,300,39.5,1000,39.41,11300,40.22,1400,40.23,26700,40.24,5900,40.25,4500,40.27,200,HOLD
1782351008438,09:30:06,39.85,40.23,40.3,39.83,39.34,90000.0,3610000.0,39.71,500,39.59,300,39.52,500,39.5,3200,39.41,10600,39.85,10800,39.86,2000,39.87,400,39.88,100,39.9,14200,HOLD
1782351014465,09:30:12,39.5,40.23,40.3,39.5,39.34,98200.0,3940000.0,39.41,10600,39.34,3000,39.26,1000,39.0,5000,38.78,400,39.5,600,39.52,2000,39.53,500,39.57,600,39.58,600,HOLD
1782351020474,09:30:15,39.39,40.23,40.3,39.34,39.34,116300.0,4650000.0,39.34,500,39.26,1000,39.0,5000,38.78,400,38.71,500,39.41,34600,39.48,1300,39.49,2300,39.5,1900,39.52,3000,HOLD
1782351023493,09:30:21,39.17,40.23,40.3,39.17,39.34,121300.0,4850000.0,39.16,500,39.05,200,39.0,5000,38.78,400,38.71,500,39.17,100,39.25,28900,39.26,6400,39.27,400,39.3,300,HOLD
1782351026485,09:30:24,39.16,40.23,40.3,39.01,39.34,127100.0,5070000.0,39.01,200,39.0,5000,38.78,400,38.71,500,38.6,100,39.16,400,39.17,1000,39.25,2700,39.26,20300,39.27,400,HOLD
1782351032538,09:30:27,39.02,40.23,40.3,39.0,39.34,142100.0,5660000.0,39.02,100,39.0,2700,38.91,500,38.8,800,38.78,400,39.15,2000,39.16,100,39.25,2400,39.26,16600,39.27,400,HOLD
1782351035521,09:30:30,39.15,40.23,40.3,39.0,39.34,148900.0,5930000.0,39.15,400,39.08,800,39.03,7800,39.02,3400,39.0,2100,39.17,600,39.25,2400,39.26,16600,39.27,400,39.31,1000,HOLD
1782351038524,09:30:36,39.08,40.23,40.3,39.0,39.34,177000.0,7030000.0,39.08,300,39.03,400,39.02,4100,39.01,1500,39.0,2100,39.16,800,39.25,300,39.26,2500,39.31,700,39.34,8000,HOLD
1782351041558,09:30:39,39.13,40.23,40.3,39.0,39.34,182700.0,7250000.0,39.13,9200,39.03,400,39.02,4100,39.01,2100,39.0,1200,39.16,400,39.24,2400,39.25,300,39.26,1400,39.31,700,HOLD
1782351047597,09:30:42,39.13,40.23,40.3,39.0,39.34,193900.0,7690000.0,39.08,100,39.03,600,39.02,4100,39.01,2100,39.0,1200,39.13,12200,39.16,300,39.24,2400,39.25,300,39.26,800,HOLD
1782351050576,09:30:48,39.08,40.23,40.3,39.0,39.34,222100.0,8790000.0,39.02,1600,39.01,2100,39.0,2300,38.99,600,38.98,600,39.08,4900,39.12,3100,39.13,100,39.15,100,39.16,100,HOLD
1782351053579,09:30:51,39.07,40.23,40.3,39.0,39.34,226800.0,8970000.0,39.02,400,39.01,2100,39.0,2400,38.99,600,38.98,600,39.08,3400,39.09,100,39.12,3100,39.13,1400,39.23,100,HOLD
1782351059604,09:30:54,39.02,40.23,40.3,39.0,39.34,233800.0,9250000.0,39.0,900,38.99,600,38.98,600,38.88,500,38.8,400,39.02,8100,39.03,700,39.04,600,39.07,1200,39.08,3800,HOLD
1782351062603,09:31:00,38.88,40.23,40.3,38.8,39.34,246500.0,9740000.0,38.8,1800,38.78,400,38.73,600,38.71,500,38.6,700,38.88,100,38.93,300,38.94,11900,38.97,300,38.98,900,HOLD
1782351065597,09:31:03,38.89,40.23,40.3,38.8,39.34,252800.0,9990000.0,38.89,700,38.81,400,38.8,1300,38.78,400,38.73,600,38.94,8800,38.97,400,38.98,600,38.99,700,39.0,5200,HOLD
1782351068605,09:31:06,38.89,40.23,40.3,38.8,39.34,258900.0,10220000.0,38.88,100,38.79,500,38.78,400,38.74,100,38.73,600,38.89,3100,38.93,1300,38.94,8700,38.97,400,38.98,600,HOLD
1782351074637,09:31:12,38.79,40.23,40.3,38.79,39.34,272500.0,10750000.0,38.78,400,38.74,100,38.73,600,38.71,500,38.69,500,38.79,8600,38.8,100,38.87,100,38.88,1500,38.89,2200,HOLD
1782351077642,09:31:15,38.88,40.23,40.3,38.78,39.34,288700.0,11380000.0,38.88,1300,38.81,5200,38.79,3600,38.78,4300,38.74,100,38.89,1100,38.93,2200,38.94,6500,38.97,300,38.98,600,HOLD
1782351080650,09:31:18,38.9,40.23,40.3,38.78,39.34,300000.0,11820000.0,38.9,1900,38.89,5900,38.88,1200,38.85,600,38.81,5200,38.94,6200,38.97,300,39.0,1500,39.02,5800,39.08,2200,HOLD
1782351083648,09:31:21,38.89,40.23,40.3,38.78,39.34,313600.0,12350000.0,38.89,13000,38.88,1200,38.87,1500,38.85,600,38.81,5200,38.9,5900,38.97,100,39.0,1000,39.02,5800,39.08,500,HOLD
1782351089666,09:31:24,38.94,40.23,40.3,38.78,39.34,343400.0,13510000.0,38.94,1000,38.89,3900,38.88,1200,38.87,1500,38.85,600,39.02,2500,39.08,500,39.13,1300,39.15,100,39.26,700,HOLD
1782351092684,09:31:30,39.0,40.23,40.3,38.78,39.34,427300.0,16780000.0,38.98,100,38.95,400,38.94,600,38.91,900,38.9,21700,39.0,15700,39.08,100,39.12,400,39.13,1300,39.15,100,HOLD
1782351095703,09:31:33,38.99,40.23,40.3,38.78,39.34,487000.0,19110000.0,38.99,13200,38.95,400,38.94,600,38.92,700,38.91,300,39.12,6100,39.13,3100,39.26,700,39.31,200,39.34,1200,HOLD
1782351098688,09:31:36,38.99,40.23,40.3,38.78,39.34,503000.0,19730000.0,38.98,300,38.95,400,38.94,600,38.92,700,38.9,27300,38.99,4700,39.04,200,39.1,1600,39.11,1800,39.12,8600,HOLD
1782351101693,09:31:39,38.95,40.23,40.3,38.78,39.34,505200.0,19820000.0,38.94,1100,38.92,700,38.9,27300,38.89,24300,38.88,1200,38.95,1300,38.97,1100,38.98,14700,38.99,5000,39.0,600,HOLD
1782351104699,09:31:42,38.79,40.23,40.3,38.78,39.34,562000.0,22030000.0,38.79,100,38.78,500,38.75,2000,38.71,500,38.7,100,38.81,3400,38.85,2100,38.88,5200,38.89,37800,38.9,27500,HOLD
1782351107725,09:31:45,38.79,40.23,40.3,38.75,39.34,570100.0,22340000.0,38.75,1000,38.71,500,38.7,100,38.66,100,38.65,1000,38.8,600,38.81,3300,38.85,500,38.87,1100,38.88,8000,HOLD
1782351110713,09:31:48,38.75,40.23,40.3,38.65,39.34,572600.0,22440000.0,38.68,100,38.67,200,38.65,1200,38.6,800,38.58,500,38.74,700,38.75,11300,38.79,3200,38.8,600,38.81,3300,HOLD
1782351113725,09:31:51,38.7,40.23,40.3,38.65,39.34,577100.0,22610000.0,38.6,800,38.58,500,38.55,100,38.53,100,38.51,5000,38.65,100,38.7,200,38.71,1200,38.72,1700,38.73,3600,HOLD
1782351116738,09:31:54,38.6,40.23,40.3,38.6,39.34,580600.0,22750000.0,38.58,900,38.55,100,38.53,100,38.52,500,38.51,5000,38.6,2100,38.64,8300,38.68,200,38.7,400,38.71,1200,HOLD
1782351119768,09:31:57,38.68,40.23,40.3,38.59,39.34,583400.0,22860000.0,38.64,600,38.63,800,38.62,3200,38.61,400,38.6,3900,38.68,3800,38.7,400,38.71,1000,38.75,17400,38.79,2500,HOLD
1782351122785,09:32:00,38.68,40.23,40.3,38.59,39.34,586100.0,22960000.0,38.63,500,38.62,3500,38.61,100,38.6,4700,38.58,1200,38.68,3500,38.7,400,38.71,1000,38.75,17500,38.79,2800,HOLD
1782351128818,09:32:06,38.62,40.23,40.3,38.59,39.34,592700.0,23220000.0,38.62,1300,38.61,100,38.6,6700,38.59,300,38.58,800,38.63,2600,38.64,1300,38.67,1100,38.68,1100,38.7,200,HOLD
1782351131783,09:32:09,38.62,40.23,40.3,38.59,39.34,604000.0,23650000.0,38.61,500,38.6,6900,38.59,300,38.58,800,38.55,900,38.62,3600,38.67,700,38.68,800,38.7,200,38.71,1000,HOLD
1782351137784,09:32:15,38.63,40.23,40.3,38.59,39.34,612300.0,23970000.0,38.64,100,38.63,400,38.62,1800,38.61,200,38.6,7700,38.66,200,38.67,300,38.68,1400,38.7,200,38.71,1600,HOLD
1782351140768,09:32:18,38.62,40.23,40.3,38.59,39.34,613200.0,24010000.0,38.62,2100,38.61,200,38.6,8700,38.59,300,38.58,900,38.63,100,38.65,1700,38.66,200,38.67,300,38.68,1400,HOLD
1782351143781,09:32:21,38.61,40.23,40.3,38.59,39.34,618100.0,24200000.0,38.61,300,38.6,10000,38.59,300,38.58,900,38.56,500,38.62,3400,38.63,300,38.64,3200,38.65,1700,38.66,200,HOLD
1782351146786,09:32:24,38.61,40.23,40.3,38.58,39.34,632800.0,24760000.0,38.58,800,38.56,500,38.55,1900,38.54,100,38.53,200,38.6,1700,38.61,7100,38.62,3600,38.63,300,38.64,3600,HOLD
1782351149795,09:32:27,38.68,40.23,40.3,38.58,39.34,684600.0,26760000.0,38.68,20300,38.67,200,38.63,200,38.62,14200,38.61,500,38.7,5200,38.71,1000,38.75,200,38.79,800,38.8,100,HOLD
1782351155805,09:32:33,38.68,40.23,40.3,38.58,39.34,696800.0,27240000.0,38.67,500,38.63,200,38.62,1500,38.61,11800,38.6,9500,38.68,1200,38.7,2200,38.71,1000,38.75,200,38.79,800,HOLD
1782351158810,09:32:36,38.7,40.23,40.3,38.58,39.34,701000.0,27400000.0,38.68,200,38.67,200,38.64,1200,38.63,200,38.62,1600,38.7,200,38.71,1000,38.75,200,38.79,800,38.8,100,HOLD
1782351161821,09:32:39,38.7,40.23,40.3,38.58,39.34,701600.0,27420000.0,38.7,1300,38.69,2000,38.68,400,38.67,200,38.64,800,38.71,900,38.75,200,38.79,800,38.8,100,38.81,3300,HOLD
1782351164822,09:32:42,38.68,40.23,40.3,38.58,39.34,710700.0,27770000.0,38.66,100,38.65,400,38.62,1200,38.61,12700,38.6,6500,38.68,800,38.69,3600,38.7,3300,38.71,700,38.75,200,HOLD
1782351167834,09:32:45,38.69,40.23,40.3,38.58,39.34,715000.0,27940000.0,38.62,1000,38.61,12700,38.6,5600,38.59,400,38.58,900,38.69,3400,38.7,3800,38.71,700,38.75,200,38.77,100,HOLD
1782351173845,09:32:51,38.55,40.23,40.3,38.55,39.34,742800.0,29010000.0,38.55,400,38.54,600,38.53,200,38.52,700,38.51,5000,38.56,3200,38.57,700,38.6,400,38.61,2300,38.62,28800,HOLD
1782351176852,09:32:54,38.55,40.23,40.3,38.55,39.34,743500.0,29040000.0,38.54,600,38.53,200,38.52,700,38.51,5000,38.5,7200,38.55,5400,38.56,3000,38.57,700,38.58,100,38.6,400,HOLD
1782351179859,09:32:57,38.53,40.23,40.3,38.51,39.34,753200.0,29410000.0,38.51,4100,38.5,7200,38.47,100,38.44,100,38.4,5700,38.53,11700,38.54,3300,38.55,6100,38.56,200,38.57,1200,HOLD
1782351182876,09:33:00,38.53,40.23,40.3,38.46,39.34,816400.0,31850000.0,38.53,100,38.52,0,38.5,2100,38.45,1300,38.44,200,38.54,1000,38.55,7400,38.56,200,38.57,1200,38.58,100,HOLD
1782351185882,09:33:03,38.5,40.23,40.3,38.46,39.34,821300.0,32040000.0,38.47,1000,38.44,300,38.42,200,38.4,5900,38.38,1000,38.5,500,38.51,1900,38.52,100,38.53,500,38.54,8600,HOLD
1782351188885,09:33:06,38.51,40.23,40.3,38.46,39.34,841700.0,32820000.0,38.5,600,38.48,200,38.47,2200,38.45,900,38.44,1200,38.52,2300,38.53,500,38.54,300,38.55,9700,38.57,1200,HOLD
1782351191892,09:33:09,38.47,40.23,40.3,38.4,39.34,850400.0,33150000.0,38.45,400,38.4,5400,38.38,1000,38.36,200,38.35,100,38.47,700,38.48,3200,38.49,1900,38.5,3300,38.51,4000,HOLD
1782351197916,09:33:12,38.45,40.23,40.3,38.4,39.34,852200.0,33220000.0,38.43,200,38.4,5300,38.39,500,38.38,1500,38.36,200,38.45,6200,38.46,200,38.47,300,38.48,2100,38.49,400,HOLD
1782351200920,09:33:18,38.45,40.23,40.3,38.4,39.34,899700.0,35050000.0,38.4,5600,38.39,500,38.38,2000,38.36,200,38.35,300,38.45,300,38.46,1100,38.47,2900,38.48,3000,38.49,4600,HOLD
1782351203929,09:33:21,38.39,40.23,40.3,38.39,39.34,910000.0,35440000.0,38.38,2100,38.36,400,38.35,300,38.3,7600,38.29,2000,38.39,500,38.41,500,38.42,1300,38.43,200,38.44,50200,HOLD
1782351206942,09:33:24,38.41,40.23,40.3,38.38,39.34,912700.0,35550000.0,38.38,800,38.36,500,38.35,400,38.33,100,38.3,7700,38.41,200,38.42,1300,38.43,200,38.46,1100,38.47,2800,HOLD
1782351209949,09:33:27,38.38,40.23,40.3,38.38,39.34,914700.0,35620000.0,38.38,300,38.36,500,38.35,1000,38.33,100,38.3,7700,38.39,1000,38.4,2900,38.41,200,38.42,1300,38.43,200,HOLD
1782351212962,09:33:30,38.38,40.23,40.3,38.37,39.34,924100.0,35990000.0,38.36,600,38.35,1300,38.33,1200,38.32,400,38.31,200,38.37,1700,38.38,5200,38.4,1800,38.41,200,38.42,1300,HOLD
1782351215972,09:33:33,38.38,40.23,40.3,38.37,39.34,929900.0,36210000.0,38.37,100,38.36,800,38.35,1400,38.33,1200,38.32,400,38.38,1900,38.4,100,38.41,200,38.42,1300,38.43,200,HOLD
1782351218976,09:33:36,38.35,40.23,40.3,38.35,39.34,934800.0,36400000.0,38.35,1200,38.34,700,38.33,600,38.32,400,38.31,200,38.38,1000,38.4,100,38.41,200,38.42,1300,38.43,200,HOLD
1782351224994,09:33:42,38.35,40.23,40.3,38.35,39.34,953100.0,37100000.0,38.34,700,38.33,100,38.32,400,38.31,200,38.3,8900,38.35,96100,38.41,100,38.42,1300,38.43,200,38.44,100,HOLD
1782351231034,09:33:48,38.32,40.23,40.3,38.32,39.34,969900.0,37740000.0,38.32,400,38.31,1100,38.3,11200,38.29,2500,38.28,400,38.33,7100,38.34,5100,38.35,89300,38.38,4000,38.41,100,HOLD
1782351234014,09:33:51,38.33,40.23,40.3,38.32,39.34,971400.0,37800000.0,38.32,200,38.31,2200,38.3,12100,38.29,2500,38.28,400,38.33,5900,38.34,5100,38.35,89300,38.38,6800,38.41,100,HOLD
1782351237027,09:33:54,38.33,40.23,40.3,38.31,39.34,974200.0,37910000.0,38.32,1700,38.31,2500,38.3,12200,38.29,3200,38.28,400,38.33,3700,38.34,5200,38.35,89300,38.38,6800,38.41,100,HOLD
1782351240039,09:33:57,38.32,40.23,40.3,38.31,39.34,977000.0,38010000.0,38.32,700,38.31,5100,38.3,11500,38.29,3200,38.28,400,38.33,2000,38.34,5200,38.35,89300,38.38,6800,38.41,2200,HOLD
1782351243041,09:34:00,38.43,40.23,40.3,38.31,39.34,1105400.0,42940000.0,38.43,5300,38.41,1900,38.39,2100,38.38,39500,38.37,600,38.51,2400,38.53,1200,38.55,7400,38.57,1200,38.58,200,HOLD
1782351246051,09:34:03,38.54,40.23,40.3,38.31,39.34,1111300.0,43170000.0,38.46,300,38.44,300,38.43,6600,38.41,500,38.39,1600,38.5,100,38.54,2000,38.55,8100,38.57,1200,38.58,100,HOLD
1782351249056,09:34:06,38.52,40.23,40.3,38.31,39.34,1112200.0,43200000.0,38.5,100,38.47,300,38.46,200,38.43,1900,38.42,1100,38.52,300,38.54,2000,38.55,8100,38.57,1800,38.58,100,HOLD
1782351255067,09:34:12,38.55,40.23,40.3,38.31,39.34,1129600.0,43870000.0,38.55,2900,38.54,3900,38.52,600,38.51,800,38.5,4200,38.56,1600,38.57,2000,38.58,100,38.59,500,38.61,400,HOLD
1782351261080,09:34:18,38.61,40.23,40.3,38.31,39.34,1135600.0,44100000.0,38.6,1300,38.59,600,38.58,300,38.57,1900,38.56,3200,38.62,800,38.69,700,38.7,400,38.75,200,38.79,500,HOLD
1782351264109,09:34:21,38.6,40.23,40.3,38.31,39.34,1140000.0,44270000.0,38.6,600,38.59,800,38.58,1300,38.57,1400,38.56,3900,38.61,300,38.69,400,38.7,400,38.75,200,38.79,500,HOLD
1782351267094,09:34:24,38.63,40.23,40.3,38.31,39.34,1151500.0,44720000.0,38.63,1500,38.61,100,38.58,500,38.57,1400,38.56,3900,38.66,200,38.67,300,38.68,600,38.69,3000,38.7,1100,HOLD
1782351270106,09:34:27,38.6,40.23,40.3,38.31,39.34,1157900.0,44970000.0,38.56,3700,38.55,4400,38.54,4900,38.53,1500,38.52,1100,38.6,1200,38.66,100,38.68,800,38.69,2800,38.7,1400,HOLD
1782351276133,09:34:33,38.6,40.23,40.3,38.31,39.34,1168300.0,45370000.0,38.6,400,38.59,100,38.55,25700,38.54,4000,38.53,1500,38.62,300,38.63,1400,38.64,1200,38.65,1600,38.66,12100,HOLD
1782351279145,09:34:36,38.62,40.23,40.3,38.31,39.34,1173600.0,45570000.0,38.6,3000,38.59,200,38.58,500,38.57,1200,38.55,25700,38.62,8600,38.64,800,38.66,3700,38.68,600,38.69,2800,HOLD
1782351282149,09:34:39,38.61,40.23,40.3,38.31,39.34,1176800.0,45700000.0,38.6,3300,38.59,500,38.58,600,38.57,1200,38.55,25700,38.61,1000,38.62,8200,38.64,800,38.66,1500,38.68,600,HOLD
1782351285165,09:34:42,38.64,40.23,40.3,38.31,39.34,1187300.0,46100000.0,38.64,1600,38.62,11800,38.61,200,38.6,4600,38.59,900,38.66,300,38.68,500,38.69,3100,38.7,2000,38.75,200,HOLD
1782351288176,09:34:45,38.68,40.23,40.3,38.31,39.34,1187700.0,46120000.0,38.68,700,38.66,1500,38.65,1400,38.64,500,38.62,16100,38.69,3100,38.7,2000,38.75,1200,38.79,500,38.8,100,HOLD
1782351291190,09:34:48,38.66,40.23,40.3,38.31,39.34,1190600.0,46230000.0,38.66,1400,38.65,1400,38.64,400,38.62,9600,38.61,900,38.69,9600,38.7,2000,38.75,1500,38.79,500,38.8,700,HOLD
1782351294187,09:34:51,38.62,40.23,40.3,38.31,39.34,1194600.0,46380000.0,38.62,8900,38.61,400,38.6,7900,38.59,900,38.58,10600,38.65,700,38.66,1700,38.67,200,38.68,9900,38.69,9600,HOLD
1782351300193,09:34:57,38.61,40.23,40.3,38.31,39.34,1211200.0,47020000.0,38.6,4400,38.59,2600,38.58,10600,38.57,400,38.55,25200,38.61,1500,38.62,10100,38.63,700,38.65,500,38.66,1700,HOLD
1782351303206,09:35:00,38.62,40.23,40.3,38.31,39.34,1250400.0,48540000.0,38.62,100,38.61,400,38.6,1500,38.59,2400,38.58,10600,38.65,500,38.66,2000,38.68,1700,38.69,5900,38.7,2000,HOLD
1782351306218,09:35:03,38.66,40.23,40.3,38.31,39.34,1276400.0,49540000.0,38.66,500,38.63,200,38.62,200,38.61,1000,38.6,500,38.68,1000,38.69,5900,38.7,2300,38.75,1500,38.79,800,HOLD
1782351309232,09:35:06,38.7,40.23,40.3,38.31,39.34,1290200.0,50080000.0,38.7,3600,38.69,900,38.68,3400,38.67,300,38.66,100,38.75,1500,38.79,800,38.8,700,38.81,3300,38.85,500,HOLD
1782351312245,09:35:09,38.75,40.23,40.3,38.31,39.34,1293100.0,50190000.0,38.75,3000,38.74,500,38.73,300,38.71,200,38.69,900,38.79,800,38.8,700,38.81,3600,38.85,500,38.88,2200,HOLD
1782351315255,09:35:12,38.66,40.23,40.3,38.31,39.34,1302800.0,50560000.0,38.75,100,38.74,300,38.73,100,38.71,5900,38.7,200,38.81,3300,38.85,500,38.88,2200,38.89,19300,38.9,26700,HOLD
1782351318265,09:35:15,38.81,40.23,40.3,38.31,39.34,1304400.0,50630000.0,38.79,400,38.77,200,38.76,100,38.75,1200,38.74,2100,38.81,1700,38.85,500,38.88,2200,38.89,19300,38.9,26700,HOLD
1782351321269,09:35:18,38.81,40.23,40.3,38.31,39.34,1326800.0,51500000.0,38.79,800,38.77,400,38.76,100,38.75,1100,38.74,1800,38.81,3500,38.83,200,38.84,100,38.85,1200,38.86,700,HOLD
1782351324270,09:35:21,38.79,40.23,40.3,38.31,39.34,1332200.0,51700000.0,38.76,300,38.75,200,38.74,1800,38.73,800,38.7,500,38.78,300,38.79,700,38.8,4800,38.81,3500,38.84,100,HOLD
1782351327275,09:35:24,38.74,40.23,40.3,38.31,39.34,1342200.0,52090000.0,38.75,1100,38.74,400,38.73,800,38.7,500,38.69,500,38.78,9600,38.81,3500,38.84,100,38.86,700,38.87,200,HOLD
1782351333295,09:35:30,38.73,40.23,40.3,38.31,39.34,1354500.0,52570000.0,38.71,100,38.7,500,38.69,500,38.68,400,38.67,4100,38.73,200,38.74,6400,38.78,4300,38.8,800,38.81,3500,HOLD
1782351336298,09:35:33,38.74,40.23,40.3,38.31,39.34,1361900.0,52860000.0,38.74,5000,38.73,400,38.71,1200,38.7,1500,38.68,400,38.78,3700,38.79,300,38.8,800,38.81,3500,38.84,400,HOLD
1782351342311,09:35:39,38.96,40.23,40.3,38.31,39.34,1427100.0,55390000.0,38.94,300,38.93,1100,38.9,44400,38.89,1100,38.88,1600,38.97,2000,38.98,200,39.0,600,39.02,300,39.2,4000,HOLD
1782351345316,09:35:42,39.03,40.23,40.3,38.31,39.34,1433700.0,55650000.0,39.03,2700,39.02,200,38.98,100,38.95,3200,38.94,1200,39.13,3800,39.14,4200,39.15,3400,39.16,1000,39.19,5700,HOLD
1782351348327,09:35:45,39.1,40.23,40.3,38.31,39.34,1437700.0,55810000.0,39.03,3000,39.02,1600,38.97,2000,38.94,1300,38.93,1200,39.09,100,39.1,500,39.12,1500,39.15,1800,39.16,1000,HOLD
1782351351353,09:35:48,39.05,40.23,40.3,38.31,39.34,1439900.0,55890000.0,38.98,3000,38.97,5800,38.96,200,38.94,400,38.93,1200,39.06,400,39.08,200,39.09,3700,39.1,500,39.12,1500,HOLD
1782351354349,09:35:51,39.06,40.23,40.3,38.31,39.34,1442200.0,55980000.0,38.99,1400,38.98,100,38.97,5800,38.96,200,38.94,400,39.03,100,39.06,1200,39.08,200,39.09,600,39.1,500,HOLD
1782351357363,09:35:54,39.12,40.23,40.3,38.31,39.34,1469100.0,57030000.0,39.09,4400,39.06,100,39.04,3300,39.03,200,39.01,4300,39.12,100,39.16,300,39.19,3700,39.2,4000,39.26,100,HOLD
1782351360373,09:35:57,39.2,40.23,40.3,38.31,39.34,1475700.0,57290000.0,39.16,1000,39.14,300,39.13,1000,39.12,500,39.09,4600,39.2,2300,39.26,100,39.28,300,39.34,200,39.48,1300,HOLD
1782351366398,09:36:03,39.34,40.23,40.3,38.31,39.34,1480500.0,57480000.0,39.34,1900,39.29,2800,39.28,200,39.25,700,39.24,3800,39.44,200,39.45,1700,39.46,400,39.47,2300,39.48,2900,HOLD
1782351369413,09:36:06,39.38,40.23,40.3,38.31,39.34,1490600.0,57880000.0,39.32,2700,39.31,200,39.3,3400,39.29,2700,39.28,200,39.35,100,39.38,300,39.39,300,39.4,1300,39.43,2900,HOLD
1782351372428,09:36:09,39.36,40.23,40.3,38.31,39.34,1492100.0,57940000.0,39.36,2800,39.35,300,39.32,4000,39.31,200,39.3,3400,39.39,200,39.4,1300,39.42,1100,39.43,2900,39.44,500,HOLD
1782351375443,09:36:12,39.38,40.23,40.3,38.31,39.34,1494600.0,58030000.0,39.36,1400,39.35,600,39.32,3900,39.31,200,39.3,3400,39.39,300,39.4,1300,39.42,1100,39.43,2900,39.44,800,HOLD
1782351378452,09:36:15,39.46,40.23,40.3,38.31,39.34,1502500.0,58350000.0,39.44,3100,39.43,400,39.41,600,39.4,2600,39.39,1400,39.48,1500,39.49,200,39.5,1700,39.59,100,39.6,500,HOLD
1782351381457,09:36:18,39.5,40.23,40.3,38.31,39.34,1507900.0,58560000.0,39.45,900,39.44,1700,39.43,400,39.41,1600,39.4,2700,39.5,1600,39.59,100,39.6,900,39.61,700,39.65,2000,HOLD
1782351384473,09:36:21,39.51,40.23,40.3,38.31,39.34,1510000.0,58640000.0,39.46,400,39.45,1300,39.44,1700,39.43,400,39.41,1600,39.51,100,39.55,100,39.56,600,39.57,500,39.58,400,HOLD
1782351387483,09:36:24,39.45,40.23,40.3,38.31,39.34,1518000.0,58960000.0,39.44,3800,39.43,500,39.42,5500,39.41,3700,39.4,2500,39.46,100,39.5,400,39.51,1800,39.55,100,39.56,200,HOLD
1782351390489,09:36:27,39.57,40.23,40.3,38.31,39.34,1540400.0,59840000.0,39.51,100,39.48,3000,39.47,2900,39.46,4000,39.45,200,39.56,400,39.57,2600,39.59,700,39.6,900,39.61,700,HOLD
1782351393499,09:36:30,39.55,40.23,40.3,38.31,39.34,1542900.0,59940000.0,39.5,1900,39.49,900,39.48,3000,39.47,1400,39.46,9000,39.55,500,39.56,1000,39.57,1600,39.59,700,39.6,1200,HOLD
1782351396512,09:36:33,39.41,40.23,40.3,38.31,39.34,1582200.0,61490000.0,39.39,2100,39.38,9600,39.37,4300,39.36,9000,39.35,23900,39.41,7100,39.42,3600,39.44,700,39.45,12700,39.48,100,HOLD
1782351402529,09:36:36,39.42,40.23,40.3,38.31,39.34,1588600.0,61740000.0,39.42,200,39.41,100,39.39,1500,39.38,9800,39.37,4300,39.48,700,39.49,100,39.5,500,39.51,500,39.55,600,HOLD
1782351405533,09:36:42,39.43,40.23,40.3,38.31,39.34,1593800.0,61950000.0,39.42,500,39.41,7300,39.4,100,39.39,700,39.38,10000,39.43,300,39.46,1500,39.47,1100,39.48,200,39.49,100,HOLD
1782351408544,09:36:45,39.45,40.23,40.3,38.31,39.34,1594300.0,61970000.0,39.42,1400,39.41,7400,39.4,4100,39.39,700,39.38,10000,39.46,1500,39.47,100,39.48,200,39.49,100,39.5,3600,HOLD
1782351411572,09:36:48,39.48,40.23,40.3,38.31,39.34,1600400.0,62210000.0,39.48,1600,39.46,100,39.42,1500,39.41,7200,39.4,4100,39.5,3600,39.51,600,39.55,800,39.56,1100,39.57,200,HOLD
1782351414565,09:36:51,39.49,40.23,40.3,38.31,39.34,1604000.0,62350000.0,39.43,400,39.42,800,39.41,6900,39.4,4100,39.39,700,39.49,100,39.5,3600,39.51,600,39.55,800,39.56,1200,HOLD
1782351417577,09:36:54,39.48,40.23,40.3,38.31,39.34,1605800.0,62420000.0,39.48,500,39.42,1000,39.41,6900,39.4,4100,39.39,900,39.49,700,39.5,3600,39.51,800,39.55,800,39.56,1800,HOLD
1782351420591,09:36:57,39.47,40.23,40.3,38.31,39.34,1606600.0,62450000.0,39.43,100,39.42,800,39.41,6900,39.4,4100,39.39,300,39.47,200,39.48,2900,39.49,1000,39.5,3900,39.51,800,HOLD
1782351423598,09:37:00,39.5,40.23,40.3,38.31,39.34,1634800.0,63570000.0,39.55,600,39.5,1100,39.49,3000,39.48,100,39.47,100,39.6,6000,39.61,700,39.65,2000,39.7,200,39.73,1000,HOLD
1782351426598,09:37:03,39.55,40.23,40.3,38.31,39.34,1638900.0,63730000.0,39.55,100,39.54,200,39.5,1100,39.49,3100,39.48,300,39.6,6200,39.61,700,39.65,2300,39.68,300,39.69,300,HOLD
1782351429612,09:37:06,39.58,40.23,40.3,38.31,39.34,1639700.0,63760000.0,39.55,100,39.54,100,39.52,100,39.51,100,39.5,1100,39.58,1000,39.59,3000,39.6,5500,39.61,700,39.65,2600,HOLD
1782351432614,09:37:09,39.54,40.23,40.3,38.31,39.34,1641100.0,63820000.0,39.52,100,39.51,100,39.5,1100,39.49,3400,39.47,2200,39.58,500,39.59,3000,39.6,5500,39.61,700,39.65,2600,HOLD
1782351435627,09:37:12,39.59,40.23,40.3,38.31,39.34,1642400.0,63870000.0,39.55,100,39.52,700,39.51,200,39.5,1500,39.49,4300,39.57,700,39.58,2900,39.59,5200,39.6,7800,39.61,700,HOLD
1782351438701,09:37:15,39.56,40.23,40.3,38.31,39.34,1642700.0,63880000.0,39.55,200,39.52,900,39.51,100,39.5,1500,39.49,2000,39.56,200,39.57,1000,39.58,4000,39.59,5400,39.6,8100,HOLD
1782351441678,09:37:18,39.65,40.23,40.3,38.31,39.34,1666300.0,64810000.0,39.65,1800,39.64,100,39.63,400,39.62,12900,39.6,6200,39.68,300,39.69,300,39.7,500,39.73,1300,39.75,5400,HOLD
1782351447830,09:37:24,39.81,40.23,40.3,38.31,39.34,1677100.0,65240000.0,39.77,200,39.76,200,39.75,1000,39.74,400,39.73,1100,39.81,100,39.85,100,39.91,1300,39.93,100,39.95,1500,HOLD
1782351450745,09:37:27,39.85,40.23,40.3,38.31,39.34,1680500.0,65380000.0,39.85,9700,39.8,1500,39.77,200,39.76,200,39.74,300,39.86,1400,39.9,100,39.91,1300,39.93,800,39.95,1500,HOLD
1782351453754,09:37:30,40.16,40.23,40.3,38.31,39.34,1715600.0,66780000.0,40.08,100,40.02,400,40.01,900,40.0,14700,39.98,2100,40.16,100,40.18,400,40.19,1700,40.2,3900,40.22,3400,HOLD
1782351456826,09:37:33,40.17,40.23,40.3,38.31,39.34,1721100.0,67000000.0,40.02,300,40.01,300,40.0,5100,39.98,2100,39.97,400,40.15,100,40.16,100,40.17,400,40.18,200,40.19,1700,HOLD
1782351459899,09:37:36,40.16,40.23,40.3,38.31,39.34,1726000.0,67200000.0,40.06,200,40.05,600,40.04,100,40.03,100,40.02,500,40.13,200,40.16,3200,40.17,100,40.18,700,40.19,1500,HOLD
1782351462765,09:37:39,40.15,40.23,40.3,38.31,39.34,1736300.0,67610000.0,40.15,700,40.04,900,40.03,700,40.02,200,40.01,300,40.16,100,40.18,100,40.19,1200,40.2,3900,40.22,3700,HOLD
1782351465778,09:37:42,40.08,40.23,40.3,38.31,39.34,1745700.0,67990000.0,40.08,100,40.07,200,40.06,1200,40.05,500,40.04,500,40.16,100,40.18,900,40.19,500,40.2,2600,40.22,3700,HOLD
1782351468791,09:37:45,40.08,40.23,40.3,38.31,39.34,1754000.0,68320000.0,40.08,300,40.07,500,40.05,400,40.01,300,40.0,3300,40.13,300,40.14,2000,40.15,8000,40.17,300,40.18,700,HOLD
1782351471872,09:37:48,40.14,40.23,40.3,38.31,39.34,1756900.0,68440000.0,40.07,300,40.06,100,40.05,100,40.0,5400,39.98,2100,40.08,1200,40.13,3800,40.14,1200,40.15,13700,40.16,3800,HOLD
1782351474827,09:37:51,40.06,40.23,40.3,38.31,39.34,1759100.0,68530000.0,40.02,100,40.01,200,40.0,4900,39.98,2100,39.97,500,40.06,1100,40.07,1900,40.08,8000,40.1,200,40.12,100,HOLD
1782351477794,09:37:54,40.13,40.23,40.3,38.31,39.34,1772600.0,69070000.0,40.11,300,40.08,1100,40.04,700,40.03,600,40.02,200,40.13,5300,40.14,1100,40.15,17900,40.16,4000,40.18,1300,HOLD
1782351480804,09:37:57,40.08,40.23,40.3,38.31,39.34,1775700.0,69190000.0,40.08,700,40.07,500,40.06,5100,40.04,700,40.03,600,40.11,100,40.12,400,40.13,7500,40.14,1500,40.15,13900,HOLD
1782351483819,09:38:00,40.28,40.23,40.3,38.31,39.34,1874100.0,73150000.0,40.28,400,40.27,2000,40.26,1700,40.25,1100,40.23,8100,40.3,5000,40.32,3200,40.33,1800,40.35,900,40.37,500,HOLD
1782351486838,09:38:03,40.12,40.23,40.3,38.31,39.34,1930600.0,75420000.0,40.11,300,40.1,1000,40.09,100,40.08,3400,40.07,5300,40.12,2100,40.18,1000,40.2,193500,40.28,100,40.3,6300,HOLD
1782351489829,09:38:06,40.41,40.23,40.48,38.31,39.34,2155600.0,84470000.0,40.41,200,40.35,1800,40.32,300,40.3,3900,40.29,100,40.48,2000,40.49,600,40.5,31800,40.52,300,40.54,1500,HOLD
1782351492839,09:38:09,40.41,40.23,40.48,38.31,39.34,2159400.0,84620000.0,40.39,600,40.35,100,40.33,1600,40.32,100,40.3,2500,40.41,1800,40.48,2000,40.49,600,40.5,41300,40.52,300,HOLD
1782351495845,09:38:12,40.3,40.23,40.48,38.31,39.34,2178400.0,85390000.0,40.26,100,40.24,100,40.22,800,40.2,1300,40.16,400,40.3,12900,40.4,400,40.41,3800,40.43,1800,40.46,200,HOLD
1782351501859,09:38:18,40.29,40.23,40.48,38.31,39.34,2190500.0,85880000.0,40.2,600,40.16,500,40.14,400,40.13,300,40.12,2400,40.29,8300,40.3,700,40.34,200,40.35,500,40.36,300,HOLD
1782351504867,09:38:21,40.29,40.23,40.48,38.31,39.34,2195300.0,86070000.0,40.21,100,40.16,500,40.14,400,40.13,400,40.12,700,40.28,400,40.29,9800,40.3,700,40.35,300,40.36,300,HOLD
1782351507879,09:38:24,40.24,40.23,40.48,38.31,39.34,2198900.0,86220000.0,40.17,100,40.16,300,40.14,400,40.13,200,40.12,200,40.2,1100,40.23,1500,40.24,2200,40.25,2000,40.27,400,HOLD
1782351510898,09:38:27,40.14,40.23,40.48,38.31,39.34,2201600.0,86330000.0,40.14,100,40.13,200,40.12,200,40.11,1100,40.1,700,40.16,1800,40.18,600,40.19,1300,40.2,2000,40.21,100,HOLD
1782351513913,09:38:30,40.1,40.23,40.48,38.31,39.34,2206200.0,86510000.0,40.09,1000,40.08,4500,40.07,5200,40.06,3000,40.05,500,40.1,300,40.12,200,40.13,400,40.14,6600,40.15,800,HOLD
1782351516907,09:38:33,40.1,40.23,40.48,38.31,39.34,2218900.0,87020000.0,40.1,500,40.09,100,40.08,3500,40.07,5200,40.06,3000,40.15,800,40.16,200,40.18,600,40.19,1300,40.2,1600,HOLD
1782351519922,09:38:36,40.1,40.23,40.48,38.31,39.34,2223000.0,87180000.0,40.1,300,40.08,1900,40.07,5200,40.06,3000,40.05,500,40.13,300,40.15,900,40.16,200,40.18,600,40.19,1300,HOLD
1782351522942,09:38:39,40.09,40.23,40.48,38.31,39.34,2225900.0,87300000.0,40.08,1500,40.07,5200,40.06,3000,40.05,500,40.04,600,40.09,2000,40.1,2100,40.13,300,40.15,300,40.16,200,HOLD
1782351525937,09:38:42,40.1,40.23,40.48,38.31,39.34,2231400.0,87520000.0,40.1,400,40.09,300,40.08,1500,40.07,5200,40.06,3000,40.13,300,40.15,600,40.16,500,40.18,800,40.2,2300,HOLD
1782351528949,09:38:45,40.15,40.23,40.48,38.31,39.34,2253500.0,88410000.0,40.15,400,40.14,200,40.13,400,40.1,300,40.09,100,40.17,100,40.2,100,40.21,100,40.22,700,40.23,25100,HOLD
1782351531954,09:38:48,40.15,40.23,40.48,38.31,39.34,2260700.0,88700000.0,40.15,3500,40.11,500,40.1,7600,40.09,200,40.08,600,40.21,100,40.22,700,40.23,13500,40.24,300,40.25,300,HOLD
1782351534967,09:38:51,40.22,40.23,40.48,38.31,39.34,2267800.0,88980000.0,40.21,100,40.2,900,40.18,1100,40.17,200,40.15,800,40.24,300,40.25,600,40.28,1400,40.29,22600,40.3,1000,HOLD
1782351537979,09:38:54,40.18,40.23,40.48,38.31,39.34,2271700.0,89140000.0,40.19,100,40.18,200,40.17,600,40.15,800,40.14,200,40.24,300,40.25,600,40.28,1400,40.29,22600,40.3,1800,HOLD
1782351540976,09:38:57,40.19,40.23,40.48,38.31,39.34,2280200.0,89480000.0,40.18,100,40.17,400,40.16,100,40.15,4000,40.14,200,40.23,200,40.24,300,40.25,600,40.28,2400,40.29,22600,HOLD
1782351543983,09:39:00,40.2,40.23,40.48,38.31,39.34,2282700.0,89580000.0,40.19,1900,40.18,1100,40.17,400,40.16,200,40.15,4000,40.2,100,40.21,2400,40.23,200,40.24,300,40.25,600,HOLD
1782351546987,09:39:03,40.34,40.23,40.48,38.31,39.34,2349000.0,92260000.0,40.34,12800,40.31,500,40.3,17400,40.29,22700,40.28,3800,40.38,300,40.39,200,40.4,7800,40.41,7200,40.42,100,HOLD
1782351550001,09:39:06,40.35,40.23,40.48,38.31,39.34,2425700.0,95350000.0,40.35,700,40.34,1000,40.3,10100,40.29,18600,40.28,1200,40.37,1000,40.38,800,40.39,7400,40.4,2700,40.41,100,HOLD
1782351553003,09:39:09,40.38,40.23,40.48,38.31,39.34,2440500.0,95950000.0,40.36,1500,40.35,200,40.34,1100,40.33,2300,40.32,700,40.37,100,40.38,200,40.39,5300,40.4,2700,40.41,900,HOLD
1782351556003,09:39:12,40.36,40.23,40.48,38.31,39.34,2445900.0,96170000.0,40.35,200,40.34,1100,40.33,2400,40.32,700,40.3,8600,40.36,200,40.37,600,40.38,600,40.39,500,40.4,3700,HOLD
1782351559021,09:39:15,40.37,40.23,40.48,38.31,39.34,2467600.0,97050000.0,40.37,5500,40.36,200,40.35,200,40.34,1000,40.33,2800,40.39,500,40.4,1800,40.41,1300,40.42,100,40.43,600,HOLD
1782351562007,09:39:18,40.36,40.23,40.48,38.31,39.34,2495900.0,98190000.0,40.33,1000,40.3,8600,40.28,700,40.27,200,40.24,1600,40.35,100,40.36,600,40.37,400,40.38,200,40.39,400,HOLD
1782351565020,09:39:21,40.27,40.23,40.48,38.31,39.34,2499500.0,98330000.0,40.27,100,40.24,1600,40.21,300,40.18,2500,40.17,600,40.3,200,40.31,400,40.32,200,40.33,200,40.34,100,HOLD
1782351568014,09:39:24,40.3,40.23,40.48,38.31,39.34,2505900.0,98590000.0,40.26,200,40.25,200,40.24,1100,40.18,2500,40.17,1600,40.3,1800,40.31,300,40.33,500,40.34,400,40.35,500,HOLD
1782351571028,09:39:27,40.29,40.23,40.48,38.31,39.34,2509500.0,98740000.0,40.26,200,40.25,200,40.19,900,40.18,3000,40.17,1600,40.3,1000,40.31,300,40.33,700,40.34,400,40.35,3800,HOLD
1782351574033,09:39:30,40.3,40.23,40.48,38.31,39.34,2510700.0,98780000.0,40.28,200,40.27,100,40.26,200,40.25,300,40.24,100,40.3,15700,40.31,300,40.33,1500,40.34,400,40.35,4000,HOLD
1782351577044,09:39:33,40.3,40.23,40.48,38.31,39.34,2541300.0,100020000.0,40.25,1400,40.22,200,40.21,400,40.2,200,40.18,2600,40.3,1600,40.33,11500,40.34,400,40.35,4400,40.36,2800,HOLD
1782351580069,09:39:36,40.31,40.23,40.48,38.31,39.34,2560400.0,100790000.0,40.31,4300,40.3,3400,40.29,300,40.28,1000,40.27,2100,40.34,400,40.35,4400,40.36,2400,40.37,20500,40.38,4700,HOLD
1782351583064,09:39:39,40.31,40.23,40.48,38.31,39.34,2563400.0,100910000.0,40.31,2100,40.3,4200,40.29,300,40.28,1000,40.27,2100,40.34,1200,40.35,4500,40.36,1400,40.37,20500,40.38,4700,HOLD
1782351586069,09:39:42,40.3,40.23,40.48,38.31,39.34,2573700.0,101320000.0,40.27,2100,40.25,1000,40.23,600,40.22,1000,40.21,1700,40.29,200,40.3,700,40.31,6300,40.33,400,40.35,5200,HOLD
1782351589073,09:39:45,40.3,40.23,40.48,38.31,39.34,2577000.0,101460000.0,40.24,100,40.23,600,40.22,1000,40.21,1700,40.2,600,40.31,8100,40.33,400,40.35,5100,40.36,2300,40.37,20500,HOLD
1782351592086,09:39:48,40.24,40.23,40.48,38.31,39.34,2578100.0,101500000.0,40.23,600,40.21,500,40.2,600,40.18,2600,40.17,1200,40.24,300,40.25,1300,40.26,100,40.27,1000,40.28,100,HOLD
1782351595088,09:39:51,40.21,40.23,40.48,38.31,39.34,2578900.0,101530000.0,40.2,600,40.18,2600,40.17,1200,40.16,100,40.15,700,40.22,200,40.23,500,40.24,1600,40.25,1300,40.26,100,HOLD
1782351598085,09:39:54,40.18,40.23,40.48,38.31,39.34,2585500.0,101800000.0,40.19,100,40.18,2100,40.17,1200,40.16,100,40.15,200,40.2,1000,40.21,500,40.22,200,40.23,800,40.24,1600,HOLD
1782351601087,09:39:57,40.2,40.23,40.48,38.31,39.34,2585700.0,101810000.0,40.19,400,40.18,2100,40.17,2700,40.16,100,40.15,200,40.2,1600,40.21,1000,40.22,500,40.23,900,40.24,1100,HOLD
1782351604096,09:40:00,40.15,40.23,40.48,38.31,39.34,2592200.0,102070000.0,40.11,200,40.1,1200,40.09,100,40.08,600,40.07,4600,40.15,700,40.16,100,40.17,6300,40.18,28200,40.19,1200,HOLD
1782351607108,09:40:03,40.15,40.23,40.48,38.31,39.34,2594600.0,102160000.0,40.11,600,40.1,1200,40.09,100,40.08,600,40.07,4600,40.15,100,40.17,4000,40.18,28200,40.19,1600,40.2,2500,HOLD
1782351610119,09:40:06,40.14,40.23,40.48,38.31,39.34,2595800.0,102210000.0,40.1,800,40.09,100,40.08,2400,40.07,5700,40.06,3000,40.11,1000,40.14,1900,40.15,3700,40.17,1500,40.18,28200,HOLD
1782351613127,09:40:09,40.11,40.23,40.48,38.31,39.34,2597200.0,102270000.0,40.1,5900,40.09,100,40.08,2400,40.07,5700,40.06,3000,40.11,1000,40.12,700,40.13,300,40.14,1300,40.15,3700,HOLD
1782351616179,09:40:12,40.15,40.23,40.48,38.31,39.34,2617200.0,103070000.0,40.15,17800,40.14,1200,40.11,100,40.1,5100,40.09,100,40.18,20200,40.19,4200,40.2,6400,40.21,500,40.22,500,HOLD
1782351619146,09:40:15,40.23,40.23,40.48,38.31,39.34,2657200.0,104680000.0,40.23,600,40.22,4500,40.21,1500,40.2,1400,40.19,5100,40.29,300,40.3,5100,40.31,8800,40.32,300,40.33,1200,HOLD
1782351622168,09:40:18,40.25,40.23,40.48,38.31,39.34,2676300.0,105450000.0,40.24,400,40.23,200,40.19,100,40.18,2000,40.16,1300,40.25,400,40.3,1700,40.31,8800,40.32,300,40.33,1200,HOLD
1782351625166,09:40:21,40.28,40.23,40.48,38.31,39.34,2680000.0,105600000.0,40.27,800,40.26,700,40.25,200,40.24,600,40.23,100,40.28,400,40.29,800,40.3,3500,40.31,8800,40.32,300,HOLD
1782351628178,09:40:24,40.27,40.23,40.48,38.31,39.34,2680800.0,105630000.0,40.27,500,40.26,700,40.25,700,40.24,600,40.23,100,40.28,600,40.29,800,40.3,3500,40.31,8300,40.32,600,HOLD
1782351631193,09:40:27,40.26,40.23,40.48,38.31,39.34,2683800.0,105750000.0,40.26,1900,40.25,1000,40.24,1900,40.23,100,40.22,400,40.27,2200,40.28,2100,40.29,800,40.3,3600,40.31,8300,HOLD
1782351634188,09:40:30,40.26,40.23,40.48,38.31,39.34,2708000.0,106720000.0,40.26,1000,40.2,3200,40.19,100,40.18,500,40.16,1200,40.28,1400,40.29,5200,40.3,5700,40.31,8500,40.32,600,HOLD
1782351637207,09:40:33,40.27,40.23,40.48,38.31,39.34,2713200.0,106930000.0,40.27,100,40.26,1100,40.24,2200,40.23,100,40.2,2700,40.28,800,40.29,5200,40.3,5700,40.31,8500,40.32,600,HOLD
1782351640218,09:40:36,40.26,40.23,40.48,38.31,39.34,2715300.0,107020000.0,40.24,2200,40.23,100,40.2,2700,40.19,100,40.18,500,40.26,700,40.28,500,40.29,5200,40.3,21100,40.31,8500,HOLD
1782351643217,09:40:39,40.27,40.23,40.48,38.31,39.34,2719700.0,107190000.0,40.24,2200,40.23,100,40.2,2700,40.19,100,40.18,500,40.28,500,40.29,5000,40.3,21600,40.31,8500,40.32,500,HOLD
1782351646228,09:40:42,40.26,40.23,40.48,38.31,39.34,2720800.0,107240000.0,40.26,1600,40.25,100,40.24,2300,40.23,100,40.2,2700,40.27,1200,40.28,900,40.29,6800,40.3,23200,40.31,8400,HOLD
1782351649236,09:40:45,40.26,40.23,40.48,38.31,39.34,2723500.0,107350000.0,40.25,100,40.24,2200,40.23,100,40.2,2200,40.19,100,40.26,34100,40.27,11100,40.28,1200,40.29,7800,40.3,23200,HOLD
1782351652277,09:40:48,40.26,40.23,40.48,38.31,39.34,2731500.0,107670000.0,40.24,1500,40.23,100,40.2,2200,40.19,100,40.18,500,40.25,900,40.26,30200,40.27,11100,40.28,1300,40.29,7800,HOLD
1782351655258,09:40:51,40.24,40.23,40.48,38.31,39.34,2737200.0,107900000.0,40.24,100,40.23,100,40.2,2200,40.18,500,40.16,600,40.26,30600,40.27,11100,40.28,800,40.29,7800,40.3,22900,HOLD
1782351658257,09:40:54,40.24,40.23,40.48,38.31,39.34,2737600.0,107910000.0,40.23,100,40.2,2200,40.18,500,40.16,600,40.15,15300,40.25,1000,40.26,32900,40.27,10700,40.28,700,40.29,7800,HOLD
1782351661262,09:40:57,40.24,40.23,40.48,38.31,39.34,2739100.0,107970000.0,40.23,1700,40.2,2200,40.18,500,40.16,600,40.15,15300,40.24,1600,40.25,200,40.26,34200,40.27,11000,40.28,700,HOLD
1782351664268,09:41:00,40.25,40.23,40.48,38.31,39.34,2745400.0,108230000.0,40.24,200,40.23,2100,40.21,1000,40.2,4000,40.18,500,40.25,100,40.26,31800,40.27,11200,40.28,700,40.29,7500,HOLD
1782351667289,09:41:03,40.26,40.23,40.48,38.31,39.34,2751400.0,108470000.0,40.24,2200,40.23,4300,40.22,400,40.2,2200,40.18,500,40.26,27200,40.27,11200,40.28,700,40.29,7500,40.3,23000,HOLD
1782351670300,09:41:06,40.39,40.23,40.48,38.31,39.34,2861100.0,112890000.0,40.39,300,40.37,1500,40.36,200,40.35,700,40.33,500,40.4,11900,40.41,1000,40.42,200,40.43,200,40.44,900,HOLD
1782351673289,09:41:09,40.45,40.23,40.48,38.31,39.34,2877800.0,113570000.0,40.4,4200,40.39,800,40.37,1500,40.36,200,40.35,700,40.45,1000,40.46,100,40.47,300,40.48,11700,40.49,1500,HOLD
1782351676302,09:41:12,40.45,40.23,40.48,38.31,39.34,2879400.0,113630000.0,40.42,1100,40.41,2000,40.4,2500,40.39,200,40.37,1500,40.45,100,40.46,100,40.47,300,40.48,11700,40.49,1500,HOLD
1782351679314,09:41:15,40.45,40.23,40.48,38.31,39.34,2884800.0,113850000.0,40.45,1600,40.44,2100,40.43,600,40.42,1100,40.41,2000,40.47,300,40.48,11500,40.49,1700,40.5,65800,40.51,500,HOLD
1782351682322,09:41:18,40.53,40.23,40.59,38.31,39.34,2983200.0,117840000.0,40.54,600,40.53,1200,40.52,5300,40.51,4600,40.5,108700,40.6,3000,40.62,100,40.63,6700,40.65,1500,40.66,4700,HOLD
1782351685327,09:41:21,40.66,40.23,40.67,38.31,39.34,3004600.0,118710000.0,40.66,3800,40.63,800,40.62,3100,40.55,1100,40.54,1200,40.68,2000,40.69,700,40.7,500,40.72,100,40.74,1000,HOLD
1782351688345,09:41:24,40.68,40.23,40.74,38.31,39.34,3010600.0,118950000.0,40.68,300,40.67,100,40.66,1400,40.63,800,40.62,3100,40.74,900,40.77,1500,40.78,200,40.8,6200,40.82,900,HOLD
1782351691348,09:41:27,40.8,40.23,40.8,38.31,39.34,3018100.0,119260000.0,40.74,3300,40.73,500,40.72,500,40.71,200,40.68,500,40.8,2900,40.82,900,40.83,300,40.85,3500,40.87,300,HOLD
1782351694363,09:41:30,40.79,40.23,40.8,38.31,39.34,3032500.0,119840000.0,40.69,100,40.68,100,40.67,200,40.66,400,40.64,200,40.78,200,40.79,2200,40.8,2800,40.82,900,40.83,300,HOLD
1782351697367,09:41:33,40.66,40.23,40.8,38.31,39.34,3036800.0,120020000.0,40.66,200,40.65,100,40.64,200,40.6,700,40.59,400,40.69,100,40.73,300,40.74,2300,40.77,900,40.78,400,HOLD
1782351700382,09:41:36,40.63,40.23,40.8,38.31,39.34,3045200.0,120360000.0,40.63,300,40.62,100,40.61,300,40.6,500,40.59,400,40.66,100,40.68,100,40.69,6000,40.73,200,40.74,3000,HOLD
1782351703388,09:41:39,40.69,40.23,40.8,38.31,39.34,3045800.0,120380000.0,40.64,1400,40.63,5500,40.61,300,40.6,500,40.59,400,40.65,200,40.66,100,40.67,200,40.69,5800,40.73,200,HOLD
1782351706431,09:41:42,40.66,40.23,40.8,38.31,39.34,3047300.0,120440000.0,40.66,700,40.65,600,40.64,1300,40.63,5500,40.61,300,40.69,5700,40.71,100,40.73,200,40.74,2400,40.76,300,HOLD
1782351709402,09:41:45,40.69,40.23,40.8,38.31,39.34,3053200.0,120680000.0,40.66,1400,40.65,1800,40.64,1300,40.63,400,40.61,300,40.69,300,40.7,200,40.71,100,40.73,200,40.74,2400,HOLD
1782351712416,09:41:48,40.75,40.23,40.8,38.31,39.34,3060700.0,120990000.0,40.75,900,40.7,100,40.69,7300,40.66,1400,40.65,1800,40.76,1000,40.78,300,40.79,600,40.8,11400,40.81,300,HOLD
1782351715407,09:41:51,40.83,40.23,40.87,38.31,39.34,3086100.0,122030000.0,40.83,200,40.82,2200,40.81,1300,40.8,12700,40.77,2200,40.87,100,40.88,12100,40.9,1800,40.93,200,40.94,1000,HOLD
1782351718427,09:41:54,40.87,40.23,40.87,38.31,39.34,3089800.0,122180000.0,40.81,100,40.8,12600,40.77,2200,40.76,1400,40.75,200,40.87,300,40.88,12100,40.9,1800,40.93,200,40.94,1000,HOLD
1782351721431,09:41:57,40.84,40.23,40.9,38.31,39.34,3110700.0,123030000.0,40.87,100,40.84,500,40.83,300,40.82,100,40.81,800,40.9,1400,40.93,200,40.94,1000,40.95,4100,40.96,1300,HOLD
1782351724443,09:42:00,40.86,40.23,40.9,38.31,39.34,3114600.0,123190000.0,40.81,300,40.8,200,40.79,100,40.78,100,40.76,14400,40.86,400,40.87,1300,40.88,100,40.89,200,40.9,1400,HOLD
1782351727455,09:42:03,40.92,40.23,40.92,38.31,39.34,3131800.0,123890000.0,40.92,5400,40.91,3800,40.9,1700,40.88,200,40.87,1000,40.93,200,40.94,1000,40.95,4200,40.96,1400,40.97,300,HOLD
1782351730461,09:42:06,40.97,40.23,41.04,38.31,39.34,3211400.0,127160000.0,40.97,600,40.96,12900,40.95,10700,40.94,4400,40.93,3000,41.01,200,41.02,3400,41.1,2700,41.11,400,41.12,200,HOLD
1782351733483,09:42:09,40.87,40.23,41.04,38.31,39.34,3267600.0,129460000.0,40.87,2200,40.86,7000,40.85,1700,40.83,200,40.81,200,40.88,600,40.89,100,40.9,2000,40.91,3600,40.92,4100,HOLD
1782351736481,09:42:12,40.87,40.23,41.04,38.31,39.34,3274700.0,129750000.0,40.87,1100,40.86,400,40.83,200,40.81,200,40.8,200,40.89,400,40.91,1100,40.92,3100,40.93,100,40.94,200,HOLD
1782351739537,09:42:15,40.95,40.23,41.04,38.31,39.34,3282400.0,130060000.0,40.93,3800,40.92,200,40.9,2500,40.89,200,40.88,1000,40.95,100,40.97,2100,40.98,1300,40.99,1000,41.0,4200,HOLD
1782351742542,09:42:21,41.11,40.23,41.18,38.31,39.34,3326900.0,131890000.0,41.09,1800,41.06,100,41.05,100,41.04,3900,41.0,4200,41.18,2200,41.2,11300,41.23,9400,41.25,100,41.26,400,HOLD
1782351748521,09:42:24,41.18,40.23,41.18,38.31,39.34,3336100.0,132270000.0,41.13,7400,41.11,300,41.1,9100,41.09,2100,41.06,13500,41.18,700,41.2,11300,41.23,9400,41.25,100,41.26,400,HOLD
1782351751526,09:42:27,41.18,40.23,41.2,38.31,39.34,3347600.0,132740000.0,41.14,2900,41.13,7100,41.12,400,41.11,300,41.1,9100,41.18,100,41.2,6000,41.22,600,41.23,9400,41.24,100,HOLD
1782351754539,09:42:30,41.18,40.23,41.2,38.31,39.34,3366000.0,133500000.0,41.14,100,41.07,1200,41.06,700,41.05,300,41.04,3500,41.18,200,41.19,300,41.2,400,41.22,600,41.23,9400,HOLD
1782351757540,09:42:33,41.12,40.23,41.2,38.31,39.34,3381200.0,134120000.0,41.11,200,41.1,1200,41.09,900,41.08,300,41.06,100,41.18,2100,41.19,500,41.2,6300,41.22,1000,41.23,9400,HOLD
1782351760562,09:42:36,41.1,40.23,41.2,38.31,39.34,3401400.0,134950000.0,41.1,100,41.09,2300,41.08,300,41.06,100,41.04,700,41.17,1400,41.18,25300,41.19,2600,41.2,3400,41.21,100,HOLD
1782351763554,09:42:39,41.12,40.23,41.2,38.31,39.34,3406000.0,135140000.0,41.12,400,41.11,200,41.1,100,41.09,2400,41.08,300,41.16,2100,41.17,100,41.18,3200,41.19,2600,41.2,3400,HOLD
1782351766567,09:42:42,41.09,40.23,41.2,38.31,39.34,3410800.0,135340000.0,41.04,500,41.0,900,40.95,1100,40.93,100,40.92,200,41.08,700,41.1,1500,41.11,1000,41.12,2800,41.14,200,HOLD
1782351769578,09:42:45,40.95,40.23,41.2,38.31,39.34,3417100.0,135600000.0,40.93,100,40.92,200,40.91,1600,40.9,100,40.89,800,40.98,200,40.99,600,41.0,30100,41.01,500,41.08,1500,HOLD
1782351772601,09:42:48,40.87,40.23,41.2,38.31,39.34,3421000.0,135760000.0,40.88,100,40.87,15600,40.86,100,40.85,200,40.83,200,40.94,200,40.95,700,40.96,1400,40.97,700,40.98,1200,HOLD
1782351775603,09:42:51,40.97,40.23,41.2,38.31,39.34,3421800.0,135790000.0,40.9,200,40.89,100,40.88,900,40.87,15500,40.86,100,40.97,600,40.98,500,41.0,30000,41.01,500,41.03,300,HOLD
1782351778618,09:42:54,40.89,40.23,41.2,38.31,39.34,3438700.0,136480000.0,40.89,300,40.87,15500,40.86,100,40.85,200,40.83,200,40.96,700,40.97,1000,40.98,1200,41.0,29300,41.01,500,HOLD
1782351781622,09:42:57,40.84,40.23,41.2,38.31,39.34,3455200.0,137160000.0,40.81,800,40.8,200,40.79,4200,40.76,100,40.73,100,40.84,300,40.86,700,40.87,18900,40.88,300,40.89,500,HOLD
1782351784626,09:43:00,40.85,40.23,41.2,38.31,39.34,3456700.0,137220000.0,40.82,400,40.81,600,40.8,200,40.79,4200,40.76,100,40.85,400,40.86,400,40.88,300,40.9,35300,40.91,100,HOLD
1782351787635,09:43:03,40.81,40.23,41.2,38.31,39.34,3461200.0,137400000.0,40.84,100,40.8,400,40.79,4200,40.76,100,40.73,100,40.85,700,40.87,7600,40.88,300,40.89,100,40.9,35600,HOLD
1782351790653,09:43:06,40.8,40.23,41.2,38.31,39.34,3477600.0,138070000.0,40.8,400,40.79,100,40.76,100,40.73,100,40.7,500,40.87,7600,40.88,300,40.89,100,40.9,1100,40.91,100,HOLD
1782351793660,09:43:09,40.81,40.23,41.2,38.31,39.34,3479600.0,138150000.0,40.79,100,40.76,100,40.73,100,40.7,500,40.69,500,40.81,600,40.82,1100,40.84,34500,40.87,7600,40.89,2900,HOLD
1782351796671,09:43:15,40.89,40.23,41.2,38.31,39.34,3532700.0,140320000.0,40.86,500,40.85,2600,40.82,300,40.81,400,40.8,1300,40.89,2900,40.9,1100,40.93,1500,40.95,1400,40.96,100,HOLD
1782351802681,09:43:18,40.88,40.23,41.2,38.31,39.34,3534200.0,140380000.0,40.87,100,40.86,1000,40.85,2600,40.84,2100,40.83,1200,40.89,2100,40.9,1100,40.93,1500,40.95,1400,40.96,100,HOLD
1782351805685,09:43:21,40.89,40.23,41.2,38.31,39.34,3534800.0,140410000.0,40.87,700,40.86,3900,40.85,4500,40.84,2500,40.81,200,40.89,1700,40.9,1100,40.93,1000,40.95,1400,40.96,100,HOLD
1782351808699,09:43:24,40.89,40.23,41.2,38.31,39.34,3554800.0,141230000.0,40.85,3500,40.84,100,40.81,200,40.8,1300,40.79,1700,40.89,200,40.9,2100,40.93,1000,40.95,1400,40.96,100,HOLD
1782351811718,09:43:27,40.89,40.23,41.2,38.31,39.34,3565800.0,141670000.0,40.89,3900,40.85,900,40.84,100,40.82,1100,40.81,1000,40.9,2100,40.93,1000,40.95,1400,40.96,100,40.97,700,HOLD
1782351814708,09:43:30,40.89,40.23,41.2,38.31,39.34,3573600.0,141990000.0,40.89,2000,40.88,200,40.85,1300,40.84,100,40.82,1200,40.93,1000,40.95,1400,40.96,100,40.97,700,40.98,600,HOLD
1782351817720,09:43:36,41.08,40.23,41.2,38.31,39.34,3644700.0,144910000.0,41.02,200,41.01,300,41.0,3900,40.99,400,40.98,100,41.07,100,41.08,200,41.09,1500,41.1,3200,41.11,1200,HOLD
1782351823738,09:43:39,41.09,40.23,41.2,38.31,39.34,3646200.0,144970000.0,41.08,100,41.07,100,41.05,1400,41.04,100,41.03,2400,41.09,600,41.1,3300,41.11,1200,41.12,5300,41.14,200,HOLD
1782351826750,09:43:42,41.12,40.23,41.2,38.31,39.34,3653300.0,145260000.0,41.07,1000,41.06,400,41.05,1400,41.04,500,41.03,2400,41.12,4700,41.14,400,41.15,3300,41.16,1000,41.17,100,HOLD
1782351829761,09:43:45,41.19,40.23,41.2,38.31,39.34,3677100.0,146240000.0,41.18,100,41.17,1100,41.15,100,41.14,100,41.13,100,41.19,700,41.2,14800,41.21,100,41.22,2300,41.23,9800,HOLD
1782351832771,09:43:48,41.19,40.23,41.2,38.31,39.34,3678300.0,146290000.0,41.19,1400,41.18,100,41.17,1100,41.15,600,41.14,100,41.2,12800,41.21,100,41.22,2300,41.23,9900,41.25,600,HOLD
1782351835766,09:43:51,41.23,40.23,41.23,38.31,39.34,3710400.0,147610000.0,41.2,3100,41.19,8800,41.17,100,41.12,300,41.1,1500,41.23,700,41.25,600,41.26,600,41.28,1300,41.3,13300,HOLD
1782351838782,09:43:54,41.31,40.23,41.45,38.31,39.34,3762100.0,149750000.0,41.31,5100,41.3,1100,41.23,200,41.22,1000,41.21,700,41.41,100,41.46,700,41.47,1200,41.48,6300,41.49,4900,HOLD
1782351841799,09:43:57,41.3,40.23,41.45,38.31,39.34,3764600.0,149850000.0,41.3,100,41.24,200,41.23,800,41.22,800,41.21,1600,41.4,200,41.41,100,41.46,700,41.47,1200,41.48,6300,HOLD
1782351844792,09:44:00,41.32,40.23,41.45,38.31,39.34,3766600.0,149930000.0,41.32,100,41.31,600,41.3,800,41.25,100,41.24,200,41.37,500,41.39,100,41.4,10200,41.41,200,41.45,400,HOLD
1782351847801,09:44:03,41.39,40.23,41.45,38.31,39.34,3770600.0,150100000.0,41.31,200,41.3,300,41.26,100,41.24,200,41.23,400,41.32,200,41.39,300,41.4,10200,41.41,200,41.45,400,HOLD
1782351850807,09:44:06,41.35,40.23,41.45,38.31,39.34,3800000.0,151320000.0,41.3,5500,41.29,100,41.27,3200,41.26,1600,41.24,300,41.38,9400,41.39,1500,41.4,10700,41.46,700,41.47,1200,HOLD
1782351853825,09:44:09,41.33,40.23,41.45,38.31,39.34,3820500.0,152160000.0,41.32,3200,41.31,600,41.3,5600,41.29,100,41.27,3200,41.37,700,41.38,8700,41.39,1700,41.4,10900,41.41,300,HOLD
1782351856826,09:44:12,41.25,40.23,41.45,38.31,39.34,3858600.0,153740000.0,41.24,100,41.23,200,41.22,800,41.21,1600,41.2,2000,41.3,200,41.31,1400,41.32,1000,41.33,200,41.35,200,HOLD
1782351859841,09:44:15,41.22,40.23,41.45,38.31,39.34,3859800.0,153780000.0,41.22,300,41.21,1600,41.2,2100,41.15,400,41.1,1500,41.23,300,41.24,300,41.3,200,41.31,2100,41.32,4000,HOLD
1782351862847,09:44:18,41.2,40.23,41.45,38.31,39.34,3867300.0,154090000.0,41.2,1000,41.18,100,41.17,100,41.15,400,41.1,5200,41.22,100,41.27,1400,41.3,8700,41.31,2100,41.32,3000,HOLD
1782351865864,09:44:21,41.15,40.23,41.45,38.31,39.34,3869500.0,154180000.0,41.1,4900,41.09,3500,41.08,1200,41.07,500,41.06,400,41.17,1000,41.18,500,41.19,300,41.2,15100,41.21,300,HOLD
1782351868866,09:44:24,41.16,40.23,41.45,38.31,39.34,3892600.0,155130000.0,41.16,100,41.12,2300,41.08,1200,41.07,500,41.06,400,41.2,11500,41.22,4200,41.24,400,41.3,1700,41.31,800,HOLD
1782351871881,09:44:27,41.08,40.23,41.45,38.31,39.34,3895900.0,155270000.0,41.08,1000,41.07,500,41.06,900,41.05,1300,41.03,2400,41.1,200,41.14,300,41.15,7800,41.2,11100,41.22,4500,HOLD
1782351874890,09:44:33,41.1,40.23,41.45,38.31,39.34,3905000.0,155640000.0,41.03,4000,41.02,100,41.01,200,41.0,700,40.98,100,41.06,1100,41.09,200,41.1,5200,41.13,200,41.15,8200,HOLD
1782351877899,09:44:36,41.11,40.23,41.45,38.31,39.34,3923300.0,156400000.0,41.11,200,41.08,100,41.07,100,41.06,600,41.05,300,41.18,200,41.2,9000,41.22,3500,41.24,300,41.25,1000,HOLD
1782351883933,09:44:39,41.18,40.23,41.45,38.31,39.34,3927600.0,156570000.0,41.09,100,41.08,200,41.06,1100,41.05,300,41.04,600,41.18,100,41.19,100,41.2,8800,41.22,3400,41.24,300,HOLD
1782351886939,09:44:42,41.06,40.23,41.45,38.31,39.34,3938600.0,157030000.0,41.04,200,41.03,2400,41.02,100,41.01,200,41.0,3500,41.06,11600,41.11,100,41.17,100,41.18,100,41.2,8800,HOLD
1782351889942,09:44:45,41.06,40.23,41.45,38.31,39.34,3945800.0,157320000.0,41.01,100,41.0,3500,40.96,100,40.95,600,40.91,900,41.05,500,41.11,300,41.18,500,41.2,8900,41.22,3200,HOLD
1782351892952,09:44:48,41.01,40.23,41.45,38.31,39.34,3950300.0,157510000.0,40.98,200,40.96,100,40.95,600,40.91,700,40.9,2500,41.0,700,41.01,2000,41.05,500,41.06,300,41.11,300,HOLD
1782351895957,09:44:51,41.0,40.23,41.45,38.31,39.34,3953200.0,157620000.0,40.96,100,40.95,600,40.91,700,40.9,2500,40.89,2000,41.0,100,41.01,1600,41.02,100,41.04,1200,41.05,500,HOLD
1782351898968,09:44:54,40.96,40.23,41.45,38.31,39.34,3954900.0,157690000.0,40.91,400,40.9,1700,40.89,400,40.86,600,40.85,100,40.96,1600,40.98,600,41.0,2900,41.01,6500,41.04,1200,HOLD
1782351901978,09:44:57,40.94,40.23,41.45,38.31,39.34,3957400.0,157800000.0,40.91,100,40.9,1700,40.89,400,40.85,100,40.84,100,40.95,100,40.96,200,40.98,1600,40.99,2000,41.0,900,HOLD
1782351904991,09:45:03,40.96,40.23,41.45,38.31,39.34,3963800.0,158060000.0,40.96,18500,40.95,200,40.92,200,40.91,600,40.9,1700,41.0,100,41.01,5400,41.04,1700,41.05,500,41.06,300,HOLD
1782351911018,09:45:06,40.96,40.23,41.45,38.31,39.34,3968800.0,158260000.0,40.96,14700,40.95,200,40.92,200,40.91,600,40.9,1700,40.99,700,41.0,200,41.01,5400,41.04,1700,41.05,500,HOLD
1782351914026,09:45:12,40.96,40.23,41.45,38.31,39.34,3985700.0,158960000.0,40.95,500,40.93,200,40.92,200,40.91,600,40.9,2200,40.96,11600,40.98,1500,40.99,600,41.0,2400,41.01,2400,HOLD
1782351917027,09:45:15,40.95,40.23,41.45,38.31,39.34,3987200.0,159020000.0,40.95,700,40.94,100,40.93,200,40.92,1700,40.91,100,40.96,12700,40.98,100,40.99,600,41.0,2700,41.01,2400,HOLD
1782351923061,09:45:18,40.95,40.23,41.45,38.31,39.34,3987900.0,159050000.0,40.95,800,40.94,100,40.93,200,40.92,1700,40.9,2300,40.96,12500,40.97,200,40.98,100,40.99,600,41.0,2700,HOLD
1782351926057,09:45:21,40.92,40.23,41.45,38.31,39.34,3991100.0,159180000.0,40.9,2100,40.89,400,40.88,800,40.85,100,40.84,200,40.93,300,40.95,8800,40.96,12300,40.98,100,40.99,600,HOLD
1782351929061,09:45:24,40.95,40.23,41.45,38.31,39.34,3993900.0,159290000.0,40.93,200,40.92,300,40.91,600,40.9,2100,40.89,400,40.95,9300,40.96,10600,40.98,100,40.99,600,41.0,1700,HOLD
1782351932072,09:45:27,40.95,40.23,41.45,38.31,39.34,3994900.0,159330000.0,40.92,600,40.91,500,40.9,2100,40.89,400,40.88,10000,40.95,9400,40.96,13100,40.98,100,40.99,600,41.0,3000,HOLD
1782351935082,09:45:33,40.95,40.23,41.45,38.31,39.34,4006900.0,159820000.0,40.93,2200,40.92,900,40.91,500,40.9,2300,40.89,400,40.95,1200,40.96,13300,40.98,100,40.99,100,41.0,3000,HOLD
1782351941100,09:45:39,41.0,40.23,41.45,38.31,39.34,4029300.0,160740000.0,40.99,100,40.96,16100,40.95,200,40.93,3600,40.92,1700,41.04,1000,41.05,100,41.06,300,41.08,100,41.09,100,HOLD
1782351944105,09:45:42,40.96,40.23,41.45,38.31,39.34,4042100.0,161270000.0,40.96,8300,40.93,3200,40.92,1700,40.9,2300,40.89,400,41.0,900,41.03,200,41.04,1000,41.05,100,41.06,300,HOLD
1782351950145,09:45:45,40.99,40.23,41.45,38.31,39.34,4045600.0,161410000.0,40.96,8100,40.93,3200,40.92,1600,40.9,2300,40.89,400,40.99,900,41.0,700,41.03,200,41.04,1000,41.05,100,HOLD
1782351953140,09:45:51,41.04,40.23,41.45,38.31,39.34,4053900.0,161750000.0,40.99,1500,40.97,300,40.96,8700,40.94,100,40.93,2900,41.04,400,41.05,100,41.06,300,41.08,100,41.09,100,HOLD
1782351959155,09:45:57,41.03,40.23,41.45,38.31,39.34,4064600.0,162190000.0,41.01,100,41.0,11600,40.99,400,40.97,300,40.96,9200,41.05,600,41.06,300,41.08,100,41.09,100,41.1,5000,HOLD
1782351965166,09:46:03,41.04,40.23,41.45,38.31,39.34,4085000.0,163020000.0,41.04,2500,41.0,500,40.97,300,40.96,9200,40.94,100,41.05,1100,41.08,100,41.09,100,41.1,5000,41.11,100,HOLD
1782351968191,09:46:06,41.05,40.23,41.45,38.31,39.34,4088200.0,163160000.0,41.05,200,41.04,2600,41.0,900,40.97,300,40.96,6800,41.08,100,41.09,100,41.1,5000,41.11,100,41.18,5800,HOLD
1782351974201,09:46:12,41.04,40.23,41.45,38.31,39.34,4104700.0,163830000.0,41.03,400,41.02,1700,41.01,1300,41.0,1500,40.99,500,41.04,24000,41.1,6000,41.11,200,41.18,5800,41.2,6100,HOLD
1782351977205,09:46:15,41.1,40.23,41.45,38.31,39.34,4131400.0,164930000.0,41.05,300,41.04,3500,41.03,200,41.02,1700,41.01,1300,41.1,5000,41.11,200,41.18,5500,41.2,6100,41.22,3100,HOLD
1782351983235,09:46:18,41.04,40.23,41.45,38.31,39.34,4135400.0,165090000.0,41.04,1800,41.03,200,41.02,1700,41.01,1300,41.0,1300,41.1,4400,41.11,200,41.18,5500,41.2,6100,41.22,3100,HOLD
1782351986240,09:46:24,41.04,40.23,41.45,38.31,39.34,4139200.0,165250000.0,41.0,1400,40.99,1800,40.97,300,40.96,300,40.95,1200,41.02,800,41.04,1900,41.05,200,41.09,300,41.1,3700,HOLD
1782351992266,09:46:27,41.04,40.23,41.45,38.31,39.34,4142000.0,165360000.0,41.0,3000,40.99,1300,40.97,300,40.96,300,40.95,1200,41.04,1200,41.05,200,41.08,300,41.09,300,41.1,5900,HOLD
1782351995280,09:46:33,41.03,40.23,41.45,38.31,39.34,4155800.0,165930000.0,40.99,1300,40.97,300,40.96,900,40.95,1200,40.94,500,41.03,100,41.04,2400,41.05,800,41.06,100,41.08,300,HOLD
1782351998285,09:46:36,41.02,40.23,41.45,38.31,39.34,4160500.0,166120000.0,40.95,800,40.94,500,40.93,2000,40.92,2100,40.9,3400,40.99,100,41.02,3400,41.03,500,41.04,1100,41.05,200,HOLD
1782352001290,09:46:39,40.95,40.23,41.45,38.31,39.34,4162300.0,166200000.0,40.95,500,40.94,500,40.93,2000,40.92,800,40.9,3400,41.02,2200,41.03,500,41.04,1100,41.05,200,41.06,100,HOLD
1782352007307,09:46:42,41.02,40.23,41.45,38.31,39.34,4163900.0,166260000.0,40.96,100,40.95,200,40.94,100,40.93,2000,40.92,800,41.02,900,41.03,500,41.04,1100,41.05,200,41.06,100,HOLD
1782352010316,09:46:48,40.96,40.23,41.45,38.31,39.34,4165000.0,166310000.0,40.96,400,40.95,600,40.94,300,40.93,2000,40.92,800,41.02,800,41.03,800,41.04,3400,41.05,200,41.06,100,HOLD
1782352016345,09:46:51,40.96,40.23,41.45,38.31,39.34,4165600.0,166330000.0,40.97,800,40.96,900,40.95,600,40.94,300,40.93,2000,41.02,800,41.03,800,41.04,3400,41.05,200,41.06,100,HOLD
1782352019338,09:46:54,40.97,40.23,41.45,38.31,39.34,4167200.0,166400000.0,40.96,1200,40.95,600,40.94,300,40.93,2000,40.92,800,41.0,1100,41.02,200,41.03,1800,41.04,3400,41.05,200,HOLD
1782352022352,09:46:57,40.95,40.23,41.45,38.31,39.34,4178600.0,166870000.0,40.94,300,40.93,2000,40.92,800,40.9,3400,40.89,900,40.95,300,40.97,100,41.0,500,41.02,300,41.03,10300,HOLD
1782352025365,09:47:03,40.94,40.23,41.45,38.31,39.34,4179600.0,166910000.0,40.94,700,40.93,2100,40.92,800,40.9,3500,40.89,1800,40.96,100,40.97,500,41.0,4000,41.02,2600,41.03,10300,HOLD
1782352028378,09:47:06,40.94,40.23,41.45,38.31,39.34,4186100.0,167170000.0,40.95,5900,40.93,2100,40.92,800,40.91,400,40.9,4000,40.96,1400,40.97,1500,41.0,4100,41.02,2600,41.03,10300,HOLD
1782352034378,09:47:12,40.94,40.23,41.45,38.31,39.34,4200600.0,167770000.0,40.94,1800,40.93,2800,40.92,1400,40.9,3500,40.89,400,40.95,300,40.96,100,40.97,500,40.99,1200,41.0,4300,HOLD
1782352037392,09:47:15,40.89,40.23,41.45,38.31,39.34,4211800.0,168230000.0,40.88,10000,40.86,1100,40.85,2000,40.84,100,40.81,100,40.89,900,40.9,2000,40.92,900,40.94,3000,40.95,10800,HOLD
1782352043408,09:47:21,40.85,40.23,41.45,38.31,39.34,4225700.0,168790000.0,40.85,1800,40.84,100,40.81,100,40.8,5100,40.79,7900,40.88,3700,40.9,100,40.91,2600,40.92,900,40.94,4100,HOLD
1782352046420,09:47:24,40.85,40.23,41.45,38.31,39.34,4227500.0,168870000.0,40.81,100,40.8,5900,40.79,7900,40.77,100,40.75,500,40.85,300,40.86,1700,40.87,2000,40.88,3700,40.9,10100,HOLD
1782352049419,09:47:27,40.81,40.23,41.45,38.31,39.34,4229000.0,168930000.0,40.8,4900,40.79,7500,40.77,100,40.75,500,40.71,1900,40.85,8200,40.86,900,40.87,2000,40.88,3200,40.9,10100,HOLD
1782352055432,09:47:33,40.79,40.23,41.45,38.31,39.34,4241700.0,169450000.0,40.79,1100,40.78,300,40.77,200,40.75,500,40.71,1900,40.8,4900,40.81,600,40.85,7700,40.86,1800,40.87,2000,HOLD
1782352058444,09:47:36,40.78,40.23,41.45,38.31,39.34,4243300.0,169510000.0,40.77,300,40.75,700,40.74,800,40.71,300,40.69,500,40.78,900,40.79,2500,40.8,6200,40.81,700,40.85,7700,HOLD
1782352064462,09:47:39,40.77,40.23,41.45,38.31,39.34,4243600.0,169520000.0,40.75,800,40.71,300,40.69,500,40.68,500,40.67,800,40.77,2800,40.78,1400,40.79,7300,40.8,10900,40.81,700,HOLD
1782352067487,09:47:42,40.71,40.23,41.45,38.31,39.34,4284600.0,171190000.0,40.71,200,40.7,16200,40.69,500,40.68,500,40.67,800,40.75,300,40.76,3100,40.77,4100,40.78,6900,40.79,5600,HOLD
1782352070477,09:47:48,40.7,40.23,41.45,38.31,39.34,4294600.0,171600000.0,40.7,8000,40.69,600,40.68,500,40.67,800,40.66,800,40.75,3500,40.76,3100,40.77,3600,40.78,6400,40.79,4200,HOLD
1782352073500,09:47:51,40.69,40.23,41.45,38.31,39.34,4303300.0,171950000.0,40.68,500,40.67,800,40.66,800,40.65,1500,40.63,2900,40.69,8500,40.7,200,40.71,700,40.74,100,40.75,6000,HOLD
1782352079532,09:47:57,40.68,40.23,41.45,38.31,39.34,4304700.0,172010000.0,40.67,1800,40.66,800,40.65,1500,40.64,100,40.63,3000,40.68,9100,40.69,8000,40.7,4300,40.71,1000,40.74,100,HOLD
1782352082516,09:48:00,40.68,40.23,41.45,38.31,39.34,4309500.0,172210000.0,40.67,2400,40.66,800,40.65,2500,40.64,300,40.63,1400,40.68,8200,40.69,8500,40.7,4300,40.71,1000,40.74,100,HOLD
1782352085535,09:48:03,40.68,40.23,41.45,38.31,39.34,4321100.0,172680000.0,40.67,2300,40.66,1000,40.65,2600,40.64,300,40.63,1400,40.68,1100,40.69,8400,40.7,4300,40.71,1000,40.73,1500,HOLD
1782352088541,09:48:06,40.65,40.23,41.45,38.31,39.34,4328700.0,172990000.0,40.65,1900,40.64,300,40.63,1400,40.61,300,40.6,600,40.68,800,40.69,8600,40.7,4300,40.71,1000,40.73,1500,HOLD
1782352094567,09:48:12,40.79,40.23,41.45,38.31,39.34,4425900.0,176950000.0,40.79,200,40.78,4700,40.77,400,40.75,700,40.74,4500,40.85,5700,40.86,1400,40.88,300,40.9,100,40.92,200,HOLD
1782352100577,09:48:18,40.85,40.23,41.45,38.31,39.34,4429600.0,177100000.0,40.8,6300,40.77,100,40.75,100,40.74,4500,40.71,1700,40.84,200,40.85,4800,40.86,1400,40.88,300,40.9,100,HOLD
1782352103597,09:48:21,40.85,40.23,41.45,38.31,39.34,4430900.0,177150000.0,40.84,200,40.8,5400,40.77,100,40.74,4500,40.71,1700,40.85,3700,40.86,1400,40.88,300,40.9,100,40.92,200,HOLD
1782352109597,09:48:24,40.82,40.23,41.45,38.31,39.34,4439000.0,177480000.0,40.85,1200,40.84,100,40.82,600,40.81,800,40.8,5400,40.88,100,40.9,100,40.92,200,40.96,100,40.97,100,HOLD
1782352112601,09:48:30,40.84,40.23,41.45,38.31,39.34,4440800.0,177560000.0,40.84,100,40.81,1200,40.8,5400,40.79,400,40.77,700,40.85,200,40.88,100,40.9,100,40.92,200,40.94,100,HOLD
1782352115614,09:48:33,40.84,40.23,41.45,38.31,39.34,4441200.0,177570000.0,40.81,1500,40.8,5400,40.79,400,40.77,700,40.76,1000,40.82,100,40.83,200,40.84,800,40.85,400,40.9,100,HOLD
1782352118620,09:48:36,40.85,40.23,41.45,38.31,39.34,4444700.0,177720000.0,40.85,6600,40.83,100,40.82,100,40.81,1700,40.8,5400,40.9,200,40.91,100,40.92,200,40.94,100,40.96,100,HOLD
1782352121618,09:48:39,40.85,40.23,41.45,38.31,39.34,4447100.0,177810000.0,40.85,4700,40.84,100,40.83,100,40.82,100,40.81,1700,40.9,200,40.91,100,40.92,200,40.94,100,40.96,100,HOLD
1782352127637,09:48:45,40.86,40.23,41.45,38.31,39.34,4448200.0,177860000.0,40.86,500,40.85,5400,40.84,100,40.83,100,40.82,100,40.9,100,40.92,200,40.94,100,40.95,200,40.97,100,HOLD
1782352133657,09:48:48,40.85,40.23,41.45,38.31,39.34,4449600.0,177920000.0,40.89,900,40.85,5200,40.84,100,40.83,100,40.82,100,40.9,100,40.92,200,40.94,100,40.95,200,40.97,100,HOLD
1782352136653,09:48:54,40.97,40.23,41.45,38.31,39.34,4455100.0,178140000.0,40.89,100,40.86,1200,40.85,6100,40.84,100,40.83,100,40.99,21000,41.0,19100,41.02,2400,41.03,600,41.04,400,HOLD
1782352139682,09:48:57,40.94,40.23,41.45,38.31,39.34,4456400.0,178190000.0,40.95,11400,40.94,3000,40.9,900,40.89,100,40.86,1000,40.98,500,40.99,21200,41.0,19100,41.02,2500,41.03,600,HOLD
1782352142668,09:49:00,40.99,40.23,41.45,38.31,39.34,4462000.0,178420000.0,40.96,1100,40.95,11800,40.94,3500,40.89,100,40.86,1700,40.99,16800,41.0,18900,41.02,2500,41.03,600,41.04,400,HOLD
1782352148677,09:49:06,41.23,40.23,41.45,38.31,39.34,4537800.0,181540000.0,41.22,200,41.21,300,41.2,2000,41.19,600,41.18,400,41.23,1700,41.24,300,41.25,9600,41.26,200,41.27,1000,HOLD
1782352154697,09:49:12,41.31,40.23,41.45,38.31,39.34,4573500.0,183010000.0,41.31,16100,41.28,1300,41.23,1100,41.22,11300,41.21,600,41.33,2400,41.34,6000,41.35,23600,41.36,300,41.38,4200,HOLD
1782352157712,09:49:15,41.35,40.23,41.45,38.31,39.34,4616200.0,184780000.0,41.33,11600,41.31,400,41.3,800,41.28,1600,41.24,13600,41.38,200,41.39,900,41.4,18800,41.41,2700,41.43,5400,HOLD
1782352160712,09:49:18,41.5,40.23,41.5,38.31,39.34,4705800.0,188490000.0,41.49,1300,41.48,2800,41.47,200,41.46,15100,41.45,18000,41.5,68400,41.51,2200,41.53,100,41.54,200,41.55,2000,HOLD
1782352163727,09:49:21,41.5,40.23,41.5,38.31,39.34,4753500.0,190470000.0,41.49,100,41.48,1300,41.47,1800,41.46,15600,41.45,17200,41.5,22900,41.51,2200,41.53,100,41.54,200,41.55,2000,HOLD
1782352166732,09:49:24,41.52,40.23,41.52,38.31,39.34,4800900.0,192440000.0,41.5,100,41.48,1400,41.47,2200,41.46,15200,41.45,300,41.52,400,41.53,200,41.54,200,41.55,2000,41.56,100,HOLD
1782352169742,09:49:27,41.5,40.23,41.52,38.31,39.34,4805300.0,192620000.0,41.5,2600,41.48,700,41.47,2200,41.46,15200,41.45,300,41.52,100,41.53,100,41.54,200,41.55,3000,41.56,100,HOLD
1782352172741,09:49:30,41.48,40.23,41.53,38.31,39.34,4813500.0,192960000.0,41.48,200,41.47,2200,41.46,15200,41.45,300,41.44,19700,41.5,700,41.54,200,41.55,2500,41.56,200,41.57,600,HOLD
1782352175757,09:49:33,41.5,40.23,41.53,38.31,39.34,4816800.0,193100000.0,41.47,8100,41.46,14700,41.44,19200,41.43,9700,41.41,12300,41.48,200,41.5,6600,41.52,200,41.54,200,41.55,2500,HOLD
1782352178762,09:49:36,41.46,40.23,41.53,38.31,39.34,4838700.0,194000000.0,41.46,100,41.44,19200,41.43,9700,41.41,12300,41.4,4200,41.49,1800,41.5,8700,41.51,100,41.52,300,41.53,1200,HOLD
1782352181772,09:49:39,41.47,40.23,41.53,38.31,39.34,4862200.0,194980000.0,41.45,13200,41.44,18900,41.43,9700,41.41,12300,41.4,4200,41.46,2600,41.47,300,41.5,1100,41.52,1500,41.54,200,HOLD
1782352184777,09:49:42,41.47,40.23,41.53,38.31,39.34,4869700.0,195290000.0,41.46,1300,41.45,11200,41.44,18900,41.43,9700,41.41,12300,41.47,500,41.5,2500,41.52,1500,41.54,1100,41.55,3600,HOLD
1782352187782,09:49:45,41.46,40.23,41.53,38.31,39.34,4871300.0,195360000.0,41.46,2200,41.45,11900,41.44,18900,41.43,10100,41.42,300,41.47,100,41.49,1100,41.5,7100,41.52,1500,41.53,1800,HOLD
1782352193796,09:49:51,41.49,40.23,41.54,38.31,39.34,4903300.0,196690000.0,41.49,100,41.48,700,41.47,3000,41.46,1500,41.45,11200,41.52,2300,41.54,200,41.55,3200,41.56,100,41.57,600,HOLD
1782352196811,09:49:54,41.37,40.23,41.54,38.31,39.34,4910500.0,196980000.0,41.37,700,41.33,100,41.31,400,41.3,1300,41.24,100,41.4,600,41.43,1700,41.44,5000,41.45,200,41.46,4100,HOLD
1782352199824,09:49:57,41.37,40.23,41.54,38.31,39.34,4913600.0,197110000.0,41.36,100,41.34,200,41.33,100,41.31,400,41.3,1300,41.37,300,41.43,300,41.44,5000,41.45,200,41.46,3100,HOLD
1782352205830,09:50:03,41.42,40.23,41.54,38.31,39.34,4961600.0,199100000.0,41.41,300,41.4,2400,41.37,200,41.34,100,41.32,3700,41.42,1300,41.44,900,41.45,500,41.46,3100,41.47,400,HOLD
1782352208835,09:50:06,41.41,40.23,41.54,38.31,39.34,4966000.0,199280000.0,41.41,8400,41.4,900,41.38,1000,41.37,200,41.34,100,41.42,400,41.44,900,41.45,600,41.46,3100,41.48,1700,HOLD
1782352211848,09:50:09,41.37,40.23,41.54,38.31,39.34,4977700.0,199760000.0,41.34,100,41.33,1100,41.32,500,41.3,1100,41.24,100,41.37,200,41.39,400,41.4,2100,41.41,4800,41.42,2100,HOLD
1782352214857,09:50:12,41.34,40.23,41.54,38.31,39.34,4979500.0,199840000.0,41.34,300,41.33,1100,41.32,500,41.3,1100,41.24,100,41.38,300,41.39,1000,41.4,2600,41.41,6300,41.42,2300,HOLD
1782352220875,09:50:18,41.32,40.23,41.54,38.31,39.34,4984300.0,200040000.0,41.3,1400,41.24,500,41.23,400,41.18,100,41.15,200,41.32,100,41.33,200,41.34,500,41.36,200,41.37,100,HOLD
1782352223887,09:50:21,41.32,40.23,41.54,38.31,39.34,4987400.0,200160000.0,41.31,200,41.3,600,41.24,500,41.23,400,41.18,100,41.34,1800,41.36,600,41.37,100,41.38,300,41.4,6700,HOLD
1782352226901,09:50:24,41.28,40.23,41.54,38.31,39.34,4995000.0,200480000.0,41.28,2300,41.25,200,41.24,500,41.23,400,41.2,700,41.29,200,41.3,1200,41.31,300,41.32,2500,41.33,400,HOLD
1782352229912,09:50:27,41.29,40.23,41.54,38.31,39.34,4998800.0,200640000.0,41.3,200,41.29,2700,41.28,1700,41.24,500,41.23,400,41.31,100,41.32,3400,41.33,400,41.34,10800,41.36,600,HOLD
1782352232922,09:50:30,41.29,40.23,41.54,38.31,39.34,5004500.0,200870000.0,41.29,1900,41.28,1900,41.24,500,41.2,700,41.18,100,41.3,1000,41.32,1500,41.33,400,41.34,9000,41.35,100,HOLD
1782352235932,09:50:33,41.29,40.23,41.54,38.31,39.34,5008500.0,201040000.0,41.28,800,41.26,1000,41.24,500,41.18,100,41.15,200,41.29,2000,41.3,11100,41.32,1700,41.33,400,41.34,9000,HOLD
1782352238954,09:50:36,41.28,40.23,41.54,38.31,39.34,5012200.0,201190000.0,41.27,100,41.26,1000,41.24,500,41.18,100,41.15,200,41.28,100,41.29,300,41.3,11700,41.32,1700,41.33,400,HOLD
1782352241969,09:50:39,41.28,40.23,41.54,38.31,39.34,5013200.0,201230000.0,41.27,3100,41.26,1000,41.24,100,41.18,100,41.17,400,41.28,1200,41.29,6100,41.3,12300,41.32,2300,41.33,400,HOLD
1782352247962,09:50:45,41.29,40.23,41.54,38.31,39.34,5019400.0,201490000.0,41.28,3500,41.27,1700,41.25,700,41.24,1000,41.18,100,41.29,7300,41.3,12600,41.32,2000,41.33,1700,41.34,9000,HOLD
1782352250971,09:50:48,41.27,40.23,41.54,38.31,39.34,5026400.0,201780000.0,41.27,300,41.25,700,41.24,1000,41.18,100,41.17,400,41.29,6000,41.3,12600,41.31,200,41.32,2000,41.33,1700,HOLD
1782352253992,09:50:51,41.27,40.23,41.54,38.31,39.34,5027200.0,201810000.0,41.25,600,41.24,1000,41.18,100,41.17,400,41.15,200,41.27,6500,41.28,500,41.29,6000,41.3,13100,41.31,200,HOLD
1782352260052,09:50:57,41.25,40.23,41.54,38.31,39.34,5029500.0,201900000.0,41.2,300,41.18,300,41.17,500,41.16,100,41.15,200,41.21,100,41.22,200,41.23,300,41.24,700,41.25,5200,HOLD
1782352263004,09:51:00,41.17,40.23,41.54,38.31,39.34,5031600.0,201990000.0,41.16,100,41.13,3600,41.12,24500,41.1,1200,41.02,900,41.17,100,41.19,200,41.2,600,41.21,100,41.22,500,HOLD
1782352269035,09:51:03,41.16,40.23,41.54,38.31,39.34,5032400.0,202020000.0,41.13,3600,41.12,24500,41.1,1200,41.02,700,41.0,7900,41.18,600,41.19,400,41.2,600,41.21,300,41.22,300,HOLD
1782352272049,09:51:06,41.22,40.23,41.54,38.31,39.34,5034400.0,202100000.0,41.14,1400,41.13,3600,41.12,24500,41.1,1200,41.04,600,41.16,200,41.18,1400,41.19,400,41.2,200,41.21,100,HOLD
1782352275069,09:51:12,41.18,40.23,41.54,38.31,39.34,5040500.0,202360000.0,41.18,6100,41.16,300,41.15,1600,41.14,300,41.13,3700,41.2,1000,41.22,500,41.23,100,41.24,700,41.25,900,HOLD
1782352278060,09:51:15,41.18,40.23,41.54,38.31,39.34,5045900.0,202580000.0,41.18,1300,41.16,300,41.15,1600,41.14,300,41.13,3700,41.2,600,41.22,1300,41.23,100,41.24,700,41.25,1000,HOLD
1782352281073,09:51:18,41.19,40.23,41.54,38.31,39.34,5048300.0,202680000.0,41.16,1400,41.15,1600,41.14,100,41.13,3700,41.12,24500,41.18,2500,41.19,300,41.2,2500,41.22,1300,41.23,100,HOLD
1782352284071,09:51:21,41.18,40.23,41.54,38.31,39.34,5052500.0,202850000.0,41.18,300,41.17,300,41.16,1700,41.15,1000,41.13,3800,41.2,4800,41.22,1300,41.23,100,41.24,700,41.25,1100,HOLD
1782352287075,09:51:24,41.19,40.23,41.54,38.31,39.34,5054000.0,202910000.0,41.18,100,41.17,300,41.16,1800,41.15,1000,41.13,3800,41.19,3700,41.2,5100,41.22,2300,41.23,100,41.24,400,HOLD
1782352290108,09:51:27,41.18,40.23,41.54,38.31,39.34,5054600.0,202940000.0,41.17,700,41.16,1800,41.15,1000,41.13,3800,41.12,24500,41.18,1600,41.19,4100,41.2,5200,41.21,100,41.22,2300,HOLD
1782352293092,09:51:30,41.18,40.23,41.54,38.31,39.34,5055400.0,202970000.0,41.17,800,41.16,2200,41.15,1700,41.14,500,41.13,3800,41.18,3100,41.19,4300,41.2,4900,41.21,100,41.22,2300,HOLD
1782352296100,09:51:33,41.18,40.23,41.54,38.31,39.34,5056100.0,203000000.0,41.17,600,41.16,2200,41.15,1700,41.14,1000,41.13,3800,41.18,6600,41.19,4300,41.2,12400,41.21,200,41.22,2300,HOLD
1782352299116,09:51:36,41.18,40.23,41.54,38.31,39.34,5062200.0,203250000.0,41.17,800,41.16,2200,41.15,1700,41.14,1000,41.13,3800,41.18,3000,41.19,4300,41.2,12400,41.21,200,41.22,2300,HOLD
1782352302125,09:51:39,41.21,40.23,41.54,38.31,39.34,5097700.0,204710000.0,41.2,100,41.19,200,41.18,14300,41.17,600,41.16,2000,41.24,100,41.27,1600,41.28,2100,41.29,5800,41.3,12700,HOLD
1782352308126,09:51:42,41.24,40.23,41.54,38.31,39.34,5100300.0,204820000.0,41.24,500,41.21,100,41.2,200,41.18,1800,41.17,400,41.27,1600,41.28,2100,41.29,5800,41.3,12800,41.32,2000,HOLD
1782352311135,09:51:48,41.27,40.23,41.54,38.31,39.34,5102700.0,204920000.0,41.27,1500,41.25,1300,41.24,1900,41.18,3700,41.17,400,41.28,2100,41.29,5800,41.3,13300,41.31,100,41.32,2000,HOLD
1782352314145,09:51:51,41.27,40.23,41.54,38.31,39.34,5103300.0,204940000.0,41.27,1600,41.25,1300,41.24,1900,41.18,3500,41.17,100,41.28,2100,41.29,5800,41.3,13300,41.31,200,41.32,2000,HOLD
1782352320165,09:51:57,41.26,40.23,41.54,38.31,39.34,5112400.0,205320000.0,41.26,2200,41.24,1600,41.23,100,41.19,100,41.18,3500,41.27,200,41.28,1600,41.29,5800,41.3,13300,41.31,1100,HOLD
1782352323160,09:52:00,41.26,40.23,41.54,38.31,39.34,5115100.0,205430000.0,41.24,1600,41.23,200,41.19,100,41.18,4400,41.17,100,41.26,1200,41.27,1000,41.28,1800,41.29,5800,41.3,13300,HOLD
1782352326170,09:52:03,41.23,40.23,41.54,38.31,39.34,5117100.0,205510000.0,41.19,100,41.18,3800,41.17,100,41.16,2900,41.15,1500,41.23,400,41.24,400,41.25,800,41.26,1500,41.27,1100,HOLD
1782352329185,09:52:06,41.18,40.23,41.54,38.31,39.34,5119000.0,205590000.0,41.18,2400,41.16,2900,41.15,1600,41.13,200,41.12,24500,41.19,1000,41.2,200,41.22,100,41.24,200,41.25,600,HOLD
1782352332191,09:52:09,41.18,40.23,41.54,38.31,39.34,5120100.0,205640000.0,41.18,1400,41.16,2900,41.15,1600,41.13,200,41.12,24500,41.19,1100,41.2,200,41.22,1000,41.23,100,41.24,1300,HOLD
1782352335195,09:52:12,41.16,40.23,41.54,38.31,39.34,5122000.0,205710000.0,41.16,2700,41.15,1600,41.13,200,41.12,24500,41.11,100,41.18,5800,41.19,1100,41.2,200,41.21,100,41.22,1000,HOLD
1782352338209,09:52:15,41.15,40.23,41.54,38.31,39.34,5125700.0,205870000.0,41.15,1300,41.13,100,41.12,25200,41.11,100,41.1,1200,41.16,2500,41.17,100,41.18,11100,41.19,900,41.2,1700,HOLD
1782352341257,09:52:18,41.15,40.23,41.54,38.31,39.34,5131100.0,206090000.0,41.13,100,41.12,25200,41.11,100,41.1,1200,41.08,200,41.15,2500,41.16,1000,41.18,6600,41.19,900,41.2,1700,HOLD
1782352344229,09:52:21,41.15,40.23,41.54,38.31,39.34,5131200.0,206090000.0,41.13,700,41.12,25200,41.11,100,41.1,1200,41.08,200,41.14,200,41.15,4400,41.16,1200,41.17,100,41.18,6500,HOLD
1782352347262,09:52:24,41.12,40.23,41.54,38.31,39.34,5141800.0,206530000.0,41.12,17800,41.11,100,41.1,1200,41.08,200,41.02,800,41.14,1000,41.15,5900,41.16,1200,41.17,200,41.18,6600,HOLD
1782352350250,09:52:27,41.02,40.23,41.54,38.31,39.34,5161800.0,207350000.0,41.03,100,41.02,300,41.0,12800,40.99,16800,40.97,100,41.11,400,41.12,1300,41.13,200,41.14,1000,41.15,6100,HOLD
1782352353255,09:52:30,41.02,40.23,41.54,38.31,39.34,5161800.0,207350000.0,41.03,100,41.02,300,41.0,12800,40.99,16800,40.97,100,41.1,6900,41.11,800,41.12,800,41.13,2500,41.14,200,HOLD
1782352356272,09:52:33,41.03,40.23,41.54,38.31,39.34,5162600.0,207380000.0,41.03,2300,41.02,400,41.0,12200,40.99,16800,40.97,100,41.1,7600,41.11,1400,41.12,1000,41.13,2500,41.15,4100,HOLD
1782352359290,09:52:36,41.1,40.23,41.54,38.31,39.34,5162700.0,207390000.0,41.05,2500,41.04,2200,41.03,2300,41.02,400,41.0,12200,41.1,8400,41.11,1400,41.12,800,41.13,2500,41.15,4100,HOLD
1782352365300,09:52:42,41.03,40.23,41.54,38.31,39.34,5165700.0,207510000.0,41.03,1600,41.02,4000,41.0,12300,40.99,16800,40.97,100,41.05,100,41.07,100,41.09,2100,41.1,8600,41.11,1400,HOLD
1782352368296,09:52:45,41.0,40.23,41.54,38.31,39.34,5171100.0,207730000.0,41.0,10900,40.99,16800,40.97,100,40.94,100,40.93,700,41.03,900,41.04,2100,41.05,100,41.06,100,41.07,100,HOLD
1782352371322,09:52:48,41.0,40.23,41.54,38.31,39.34,5173600.0,207840000.0,41.0,8400,40.99,16800,40.98,1100,40.97,100,40.94,100,41.02,300,41.03,2200,41.04,2000,41.05,4700,41.06,200,HOLD
1782352374325,09:52:51,41.01,40.23,41.54,38.31,39.34,5179500.0,208080000.0,41.0,3500,40.99,16800,40.98,1100,40.97,1000,40.94,100,41.02,300,41.03,2400,41.04,2000,41.05,4700,41.06,200,HOLD
1782352380358,09:52:57,41.03,40.23,41.54,38.31,39.34,5183500.0,208240000.0,41.02,3300,41.01,100,41.0,1500,40.99,17300,40.97,1000,41.03,1500,41.04,2200,41.05,4700,41.06,100,41.07,100,HOLD
1782352383345,09:53:00,41.02,40.23,41.54,38.31,39.34,5184500.0,208280000.0,41.02,2400,41.01,200,41.0,1900,40.99,17300,40.97,1000,41.03,1400,41.04,2200,41.05,4700,41.06,100,41.07,400,HOLD
1782352386362,09:53:03,41.03,40.23,41.54,38.31,39.34,5187200.0,208390000.0,41.0,9400,40.99,17700,40.97,1000,40.94,100,40.93,100,41.03,1300,41.04,2200,41.05,4700,41.06,100,41.07,400,HOLD
1782352389374,09:53:06,41.02,40.23,41.54,38.31,39.34,5187300.0,208400000.0,41.0,9400,40.99,17700,40.97,1000,40.94,100,40.93,100,41.02,1500,41.03,1500,41.04,2200,41.05,4700,41.06,100,HOLD
1782352392385,09:53:09,41.0,40.23,41.54,38.31,39.34,5188400.0,208440000.0,41.0,8600,40.99,16800,40.97,1000,40.94,1400,40.93,100,41.02,1700,41.03,1500,41.04,2200,41.05,5000,41.06,100,HOLD
1782352395393,09:53:12,41.0,40.23,41.54,38.31,39.34,5191000.0,208550000.0,41.0,8000,40.99,16800,40.97,1000,40.94,1400,40.93,100,41.03,1500,41.04,2000,41.05,5000,41.06,100,41.07,300,HOLD
1782352398391,09:53:15,41.02,40.23,41.54,38.31,39.34,5196200.0,208760000.0,41.03,700,41.01,1400,41.0,8500,40.99,16800,40.97,1000,41.04,1600,41.05,5000,41.06,100,41.07,300,41.08,100,HOLD
1782352401394,09:53:18,41.04,40.23,41.54,38.31,39.34,5199100.0,208880000.0,41.04,1300,41.02,100,41.01,1300,41.0,10200,40.99,16800,41.05,5000,41.06,100,41.07,300,41.08,100,41.09,100,HOLD
1782352404412,09:53:21,41.04,40.23,41.54,38.31,39.34,5201800.0,208990000.0,41.04,700,41.02,400,41.01,400,41.0,10200,40.99,16800,41.05,2900,41.06,300,41.07,300,41.1,8900,41.11,2900,HOLD
1782352407417,09:53:24,41.04,40.23,41.54,38.31,39.34,5203500.0,209060000.0,41.04,500,41.03,100,41.02,900,41.01,400,41.0,9800,41.05,1400,41.06,300,41.07,300,41.1,8900,41.11,600,HOLD
1782352410426,09:53:27,41.04,40.23,41.54,38.31,39.34,5205000.0,209120000.0,41.03,100,41.02,900,41.01,1700,41.0,10200,40.99,16800,41.04,100,41.05,1600,41.06,300,41.07,300,41.1,8300,HOLD
1782352413426,09:53:30,41.04,40.23,41.54,38.31,39.34,5205800.0,209160000.0,41.02,800,41.01,1700,41.0,10200,40.97,100,40.94,100,41.04,400,41.05,1600,41.06,300,41.07,300,41.1,8300,HOLD
1782352416451,09:53:33,41.04,40.23,41.54,38.31,39.34,5205800.0,209160000.0,41.02,800,41.01,1700,41.0,10400,40.97,100,40.94,100,41.03,500,41.04,1000,41.05,1600,41.06,300,41.07,300,HOLD
1782352419440,09:53:36,41.03,40.23,41.54,38.31,39.34,5206600.0,209190000.0,41.02,900,41.01,1700,41.0,10900,40.99,700,40.97,100,41.03,800,41.04,3200,41.05,1600,41.06,100,41.1,7800,HOLD
1782352422461,09:53:39,41.02,40.23,41.54,38.31,39.34,5207200.0,209210000.0,41.02,300,41.01,1700,41.0,10900,40.99,800,40.97,100,41.03,1200,41.04,3500,41.05,1600,41.06,100,41.1,7800,HOLD
1782352425483,09:53:42,41.02,40.23,41.54,38.31,39.34,5207600.0,209230000.0,41.01,1700,41.0,10900,40.99,800,40.97,100,40.94,1300,41.02,7200,41.03,4000,41.04,3400,41.05,1600,41.06,100,HOLD
1782352428501,09:53:45,41.01,40.23,41.54,38.31,39.34,5207800.0,209240000.0,41.01,1500,41.0,10500,40.99,800,40.98,400,40.97,100,41.02,12700,41.03,4000,41.04,3400,41.05,1600,41.06,100,HOLD
1782352431484,09:53:48,40.97,40.23,41.54,38.31,39.34,5221000.0,209780000.0,40.94,1200,40.93,100,40.92,100,40.91,700,40.9,69800,40.97,200,40.98,600,40.99,500,41.0,5500,41.01,14500,HOLD
1782352434487,09:53:51,40.94,40.23,41.54,38.31,39.34,5223200.0,209870000.0,40.93,100,40.92,100,40.91,700,40.9,70700,40.85,600,40.94,300,40.97,500,40.98,100,40.99,500,41.0,4500,HOLD
1782352437500,09:53:54,40.92,40.23,41.54,38.31,39.34,5223400.0,209880000.0,40.91,700,40.9,70700,40.85,600,40.84,100,40.81,200,40.93,700,40.94,300,40.98,100,40.99,500,41.0,4500,HOLD
1782352440519,09:53:57,40.93,40.23,41.54,38.31,39.34,5223800.0,209890000.0,40.91,600,40.9,69900,40.85,1400,40.84,100,40.81,200,40.93,600,40.94,300,40.98,100,41.0,4500,41.01,12600,HOLD
1782352443503,09:54:00,40.91,40.23,41.54,38.31,39.34,5224400.0,209920000.0,40.9,69900,40.88,900,40.87,800,40.85,600,40.84,100,40.91,1500,40.93,3800,40.94,100,40.98,100,41.0,4200,HOLD
1782352446511,09:54:03,40.93,40.23,41.54,38.31,39.34,5229000.0,210110000.0,40.9,66900,40.88,900,40.85,500,40.84,100,40.81,1100,40.93,2900,40.94,100,40.98,100,41.0,4200,41.01,12800,HOLD
1782352449519,09:54:06,40.92,40.23,41.54,38.31,39.34,5231100.0,210190000.0,40.91,300,40.9,66700,40.88,900,40.85,500,40.84,100,40.93,2100,40.94,100,40.95,800,40.98,100,41.0,4200,HOLD
1782352452524,09:54:09,40.9,40.23,41.54,38.31,39.34,5231800.0,210220000.0,40.9,66600,40.88,900,40.85,1900,40.84,100,40.81,200,40.93,2200,40.94,1800,40.95,800,40.98,100,41.0,3800,HOLD
1782352455541,09:54:12,40.9,40.23,41.54,38.31,39.34,5231800.0,210220000.0,40.9,66600,40.88,900,40.87,1400,40.85,500,40.84,100,40.91,100,40.92,400,40.93,2300,40.94,2000,40.95,800,HOLD
1782352458547,09:54:15,40.9,40.23,41.54,38.31,39.34,5235300.0,210360000.0,40.9,67200,40.88,900,40.87,1400,40.85,500,40.84,100,40.92,400,40.93,2300,40.94,2000,40.95,800,40.98,100,HOLD
1782352461555,09:54:18,40.93,40.23,41.54,38.31,39.34,5238600.0,210500000.0,40.9,66300,40.89,100,40.88,900,40.87,1400,40.85,700,40.93,900,40.94,2000,41.0,3800,41.01,5100,41.02,7000,HOLD
1782352464571,09:54:21,40.91,40.23,41.54,38.31,39.34,5241500.0,210620000.0,40.91,2600,40.9,66600,40.89,100,40.88,900,40.87,1400,40.94,1500,40.95,100,40.96,200,41.0,3800,41.01,4100,HOLD
1782352467578,09:54:24,40.94,40.23,41.54,38.31,39.34,5244100.0,210720000.0,40.94,800,40.92,300,40.91,3000,40.9,65700,40.89,100,40.95,100,40.96,200,41.0,3700,41.01,4100,41.02,6900,HOLD
1782352470607,09:54:27,40.93,40.23,41.54,38.31,39.34,5245300.0,210770000.0,40.92,2800,40.91,3000,40.9,65400,40.89,100,40.88,900,40.93,2400,40.95,100,40.96,200,40.97,100,40.98,700,HOLD
1782352473599,09:54:30,40.92,40.23,41.54,38.31,39.34,5248400.0,210900000.0,40.92,600,40.91,3000,40.9,66400,40.89,1000,40.88,900,40.93,100,40.94,500,40.95,100,40.96,200,40.97,100,HOLD
1782352476606,09:54:33,40.91,40.23,41.54,38.31,39.34,5250000.0,210970000.0,40.91,2000,40.9,70200,40.89,1000,40.88,900,40.85,700,40.92,600,40.93,2200,40.96,200,40.97,100,40.98,900,HOLD
1782352479622,09:54:36,40.91,40.23,41.54,38.31,39.34,5254600.0,211150000.0,40.9,67900,40.89,900,40.88,1500,40.85,700,40.84,100,40.91,3900,40.92,1200,40.93,2200,40.96,200,40.97,200,HOLD
1782352482623,09:54:39,40.9,40.23,41.54,38.31,39.34,5259100.0,211340000.0,40.9,63700,40.89,500,40.88,1500,40.87,400,40.85,700,40.91,3700,40.92,2500,40.93,2100,40.96,200,40.97,300,HOLD
1782352485629,09:54:42,40.9,40.23,41.54,38.31,39.34,5268200.0,211710000.0,40.9,54900,40.89,500,40.88,600,40.87,400,40.85,700,40.91,3400,40.92,2500,40.93,2100,40.95,1000,40.96,200,HOLD
1782352488641,09:54:45,40.9,40.23,41.54,38.31,39.34,5273800.0,211940000.0,40.9,49500,40.89,500,40.88,600,40.87,800,40.85,700,40.91,3400,40.92,1700,40.93,2100,40.95,1000,40.97,300,HOLD
1782352491633,09:54:48,40.86,40.23,41.54,38.31,39.34,5328300.0,214170000.0,40.81,200,40.8,1000,40.78,100,40.77,100,40.74,100,40.84,400,40.85,1600,40.87,800,40.88,700,40.89,19000,HOLD
1782352494641,09:54:51,40.81,40.23,41.54,38.31,39.34,5328600.0,214180000.0,40.8,1000,40.78,100,40.77,100,40.7,1600,40.68,100,40.81,500,40.83,100,40.84,200,40.85,1600,40.87,800,HOLD
1782352497659,09:54:54,40.81,40.23,41.54,38.31,39.34,5328600.0,214180000.0,40.8,1000,40.78,100,40.77,800,40.7,1600,40.68,100,40.81,600,40.83,100,40.84,200,40.85,1000,40.86,300,HOLD
1782352500685,09:54:57,40.8,40.23,41.54,38.31,39.34,5329200.0,214210000.0,40.8,400,40.78,100,40.77,800,40.7,1600,40.68,100,40.81,2000,40.82,300,40.83,200,40.84,200,40.86,300,HOLD
1782352503669,09:55:00,40.8,40.23,41.54,38.31,39.34,5329700.0,214230000.0,40.78,300,40.77,100,40.72,800,40.7,1300,40.68,100,40.8,1700,40.81,2400,40.82,300,40.83,200,40.84,200,HOLD
1782352506674,09:55:03,40.79,40.23,41.54,38.31,39.34,5331000.0,214280000.0,40.78,400,40.77,100,40.72,800,40.7,1300,40.68,100,40.8,1700,40.81,1700,40.82,300,40.83,200,40.84,200,HOLD
1782352509685,09:55:06,40.76,40.23,41.54,38.31,39.34,5331600.0,214300000.0,40.75,300,40.74,100,40.73,1800,40.72,800,40.7,1300,40.78,500,40.79,100,40.8,5100,40.81,1800,40.82,300,HOLD
1782352512695,09:55:09,40.8,40.23,41.54,38.31,39.34,5344000.0,214810000.0,40.75,100,40.74,1900,40.73,1800,40.7,1300,40.68,400,40.8,200,40.82,300,40.83,200,40.84,200,40.85,100,HOLD
1782352515708,09:55:12,40.81,40.23,41.54,38.31,39.34,5348900.0,215010000.0,40.78,200,40.76,200,40.75,100,40.74,1400,40.73,1800,40.79,100,40.81,100,40.82,400,40.83,200,40.84,200,HOLD
1782352518704,09:55:15,40.8,40.23,41.54,38.31,39.34,5349600.0,215040000.0,40.8,1000,40.79,1100,40.78,200,40.76,200,40.75,100,40.82,1000,40.83,300,40.85,100,40.87,6300,40.89,3800,HOLD
1782352521711,09:55:18,40.83,40.23,41.54,38.31,39.34,5350700.0,215080000.0,40.82,1500,40.8,1100,40.79,1100,40.78,200,40.76,200,40.83,200,40.85,200,40.87,6300,40.89,3800,40.9,1500,HOLD
1782352524726,09:55:21,40.87,40.23,41.54,38.31,39.34,5351900.0,215130000.0,40.85,4200,40.82,1500,40.8,2400,40.79,1100,40.78,200,40.87,6600,40.89,3300,40.9,1500,40.91,100,40.92,600,HOLD
1782352527739,09:55:24,40.85,40.23,41.54,38.31,39.34,5353000.0,215180000.0,40.85,3400,40.82,1500,40.8,2900,40.79,1900,40.78,2600,40.87,6400,40.89,3300,40.9,1600,40.91,100,40.92,600,HOLD
1782352530740,09:55:27,40.85,40.23,41.54,38.31,39.34,5356500.0,215320000.0,40.83,100,40.82,1500,40.8,2300,40.79,1000,40.78,2600,40.84,400,40.85,300,40.86,3800,40.87,6400,40.89,3300,HOLD
1782352533746,09:55:30,40.85,40.23,41.54,38.31,39.34,5362400.0,215560000.0,40.84,1900,40.83,1100,40.82,1900,40.81,700,40.8,2300,40.86,1000,40.87,6400,40.89,100,40.9,2200,40.91,100,HOLD
1782352536766,09:55:33,40.85,40.23,41.54,38.31,39.34,5362600.0,215570000.0,40.84,1700,40.83,1100,40.82,1900,40.81,700,40.8,2400,40.85,200,40.86,1000,40.87,6400,40.89,100,40.9,2300,HOLD
1782352539772,09:55:36,40.9,40.23,41.54,38.31,39.34,5370400.0,215890000.0,40.88,300,40.87,2700,40.86,200,40.85,6800,40.84,1600,40.9,2100,40.91,100,40.92,500,40.93,4600,40.95,1000,HOLD
1782352542776,09:55:39,40.92,40.23,41.54,38.31,39.34,5374600.0,216060000.0,40.9,600,40.88,300,40.87,1100,40.86,200,40.85,7400,40.93,4500,40.95,1100,40.97,200,40.98,100,41.0,1500,HOLD
1782352545784,09:55:42,40.88,40.23,41.54,38.31,39.34,5376800.0,216150000.0,40.87,1200,40.86,200,40.85,8100,40.84,1600,40.83,1300,40.88,200,40.89,1700,40.93,4500,40.95,1100,40.96,100,HOLD
1782352548785,09:55:45,40.88,40.23,41.54,38.31,39.34,5377400.0,216170000.0,40.88,200,40.87,1100,40.85,4900,40.84,1600,40.83,1300,40.89,1500,40.93,4500,40.95,1100,40.96,100,40.97,200,HOLD
1782352551804,09:55:48,40.88,40.23,41.54,38.31,39.34,5379800.0,216270000.0,40.85,4800,40.84,1600,40.83,1300,40.82,2600,40.81,500,40.88,700,40.89,1400,40.93,4500,40.95,1000,40.96,100,HOLD
1782352554800,09:55:51,40.84,40.23,41.54,38.31,39.34,5389800.0,216680000.0,40.81,500,40.8,4800,40.79,200,40.78,2600,40.76,400,40.84,400,40.88,1000,40.89,1000,40.93,4500,40.95,1000,HOLD
1782352557809,09:55:54,40.8,40.23,41.54,38.31,39.34,5392800.0,216800000.0,40.8,5200,40.79,200,40.78,2600,40.76,400,40.75,1300,40.83,1500,40.84,200,40.88,1700,40.89,100,40.93,4500,HOLD
1782352560904,09:55:57,40.81,40.23,41.54,38.31,39.34,5392900.0,216810000.0,40.8,5200,40.79,200,40.78,2600,40.76,400,40.75,1300,40.83,1800,40.84,200,40.88,1700,40.89,100,40.93,4500,HOLD
1782352563815,09:56:00,40.83,40.23,41.54,38.31,39.34,5393500.0,216830000.0,40.8,6500,40.79,200,40.78,2600,40.76,400,40.75,1300,40.83,1200,40.84,200,40.88,1700,40.89,100,40.93,4500,HOLD
1782352566837,09:56:03,40.73,40.23,41.54,38.31,39.34,5405300.0,217310000.0,40.73,200,40.71,300,40.7,1700,40.68,200,40.67,500,40.76,400,40.78,100,40.79,300,40.8,100,40.81,600,HOLD
1782352572840,09:56:09,40.75,40.23,41.54,38.31,39.34,5406400.0,217360000.0,40.73,1400,40.72,700,40.71,300,40.7,1700,40.68,200,40.75,100,40.76,200,40.77,600,40.78,100,40.79,900,HOLD
1782352575845,09:56:12,40.77,40.23,41.54,38.31,39.34,5410000.0,217500000.0,40.76,500,40.75,1000,40.74,100,40.73,1400,40.72,700,40.81,700,40.83,500,40.84,200,40.88,1700,40.89,100,HOLD
1782352578856,09:56:15,40.75,40.23,41.54,38.31,39.34,5415800.0,217740000.0,40.74,100,40.73,1900,40.72,700,40.71,400,40.7,1700,40.8,300,40.81,600,40.82,100,40.83,500,40.84,200,HOLD
1782352581856,09:56:18,40.73,40.23,41.54,38.31,39.34,5416700.0,217780000.0,40.73,800,40.71,400,40.7,1700,40.68,200,40.67,500,40.76,300,40.79,500,40.8,1100,40.81,500,40.82,100,HOLD
1782352584873,09:56:21,40.73,40.23,41.54,38.31,39.34,5416700.0,217780000.0,40.74,500,40.73,800,40.71,400,40.7,2500,40.68,200,40.76,900,40.79,200,40.8,1100,40.81,500,40.82,100,HOLD
1782352587896,09:56:24,40.73,40.23,41.54,38.31,39.34,5418700.0,217860000.0,40.71,400,40.7,2500,40.68,1200,40.67,500,40.66,2200,40.73,1500,40.74,2500,40.76,900,40.79,200,40.8,1100,HOLD
1782352590904,09:56:27,40.73,40.23,41.54,38.31,39.34,5419000.0,217870000.0,40.71,400,40.7,2500,40.68,1200,40.67,500,40.66,2200,40.73,100,40.74,2500,40.76,800,40.79,200,40.8,1100,HOLD
1782352593903,09:56:30,40.71,40.23,41.54,38.31,39.34,5421000.0,217950000.0,40.7,2500,40.68,1200,40.67,500,40.66,2200,40.65,1900,40.71,1300,40.73,1100,40.74,2600,40.76,800,40.79,200,HOLD
1782352596920,09:56:33,40.73,40.23,41.54,38.31,39.34,5423800.0,218070000.0,40.7,2000,40.68,1200,40.67,1100,40.66,2200,40.65,1300,40.73,300,40.74,2600,40.75,100,40.76,500,40.79,200,HOLD
1782352599923,09:56:36,40.73,40.23,41.54,38.31,39.34,5425300.0,218130000.0,40.71,400,40.7,2000,40.68,1200,40.67,1100,40.66,2200,40.73,1200,40.74,2400,40.75,100,40.76,500,40.79,200,HOLD
1782352602940,09:56:39,40.7,40.23,41.54,38.31,39.34,5426100.0,218160000.0,40.7,1600,40.68,1200,40.67,1100,40.66,2200,40.65,1300,40.71,100,40.73,2000,40.74,2400,40.75,100,40.76,500,HOLD
1782352605944,09:56:42,40.67,40.23,41.54,38.31,39.34,5431500.0,218380000.0,40.66,1800,40.65,1300,40.63,500,40.61,400,40.6,200,40.7,8000,40.72,200,40.73,2000,40.74,2500,40.75,100,HOLD
1782352608958,09:56:45,40.73,40.23,41.54,38.31,39.34,5444700.0,218920000.0,40.67,1200,40.66,3600,40.65,1300,40.63,500,40.61,400,40.73,400,40.74,2500,40.75,100,40.76,500,40.79,300,HOLD
1782352611953,09:56:48,40.69,40.23,41.54,38.31,39.34,5445800.0,218960000.0,40.69,300,40.68,200,40.67,1200,40.66,3100,40.65,1300,40.72,500,40.73,500,40.74,2500,40.76,500,40.79,300,HOLD
1782352614976,09:56:51,40.7,40.23,41.54,38.31,39.34,5446300.0,218980000.0,40.7,100,40.69,400,40.68,200,40.67,1300,40.66,3100,40.72,100,40.73,400,40.74,2500,40.76,500,40.79,300,HOLD
1782352617982,09:56:54,40.74,40.23,41.54,38.31,39.34,5453000.0,219250000.0,40.74,200,40.73,500,40.71,700,40.7,5700,40.69,600,40.76,500,40.79,100,40.8,1100,40.81,500,40.82,100,HOLD
1782352620995,09:56:57,40.8,40.23,41.54,38.31,39.34,5454700.0,219320000.0,40.77,700,40.76,600,40.75,400,40.73,200,40.71,700,40.8,400,40.81,500,40.82,100,40.83,300,40.84,200,HOLD
1782352624004,09:57:00,40.77,40.23,41.54,38.31,39.34,5455600.0,219360000.0,40.8,1600,40.77,500,40.75,200,40.73,200,40.71,700,40.82,400,40.83,300,40.84,200,40.87,100,40.88,2000,HOLD
1782352627003,09:57:03,40.82,40.23,41.54,38.31,39.34,5456000.0,219380000.0,40.82,200,40.8,2300,40.78,100,40.76,700,40.75,200,40.83,300,40.84,200,40.87,100,40.88,2000,40.9,200,HOLD
1782352630014,09:57:06,40.85,40.23,41.54,38.31,39.34,5456700.0,219410000.0,40.85,200,40.84,200,40.83,800,40.82,1400,40.81,500,40.87,100,40.88,1800,40.9,200,40.93,3500,40.95,1000,HOLD
1782352633036,09:57:09,40.84,40.23,41.54,38.31,39.34,5457100.0,219420000.0,40.84,100,40.83,800,40.82,1300,40.81,500,40.8,3800,40.86,100,40.87,100,40.88,1800,40.9,200,40.93,3500,HOLD
1782352636028,09:57:12,40.87,40.23,41.54,38.31,39.34,5457500.0,219440000.0,40.83,900,40.82,1500,40.81,500,40.8,3200,40.78,100,40.87,300,40.88,2000,40.9,200,40.93,3500,40.95,1000,HOLD
1782352639043,09:57:15,40.85,40.23,41.54,38.31,39.34,5457700.0,219450000.0,40.84,1000,40.83,600,40.82,1500,40.81,500,40.8,3200,40.85,100,40.87,300,40.88,2000,40.9,200,40.93,3500,HOLD
1782352642099,09:57:18,40.88,40.23,41.54,38.31,39.34,5458400.0,219480000.0,40.87,400,40.84,3700,40.83,600,40.82,1500,40.81,500,40.88,2300,40.9,200,40.93,3500,40.95,1000,41.0,2100,HOLD
1782352645101,09:57:21,40.87,40.23,41.54,38.31,39.34,5459200.0,219510000.0,40.86,200,40.85,1400,40.84,5100,40.83,600,40.82,1500,40.87,700,40.88,1900,40.9,200,40.93,3500,40.95,1000,HOLD
1782352648070,09:57:24,40.87,40.23,41.54,38.31,39.34,5461500.0,219600000.0,40.87,1300,40.86,1500,40.85,300,40.84,3700,40.83,600,40.9,200,40.93,3500,40.95,1000,41.0,2100,41.01,5800,HOLD
1782352651069,09:57:27,40.9,40.23,41.54,38.31,39.34,5462700.0,219650000.0,40.88,1200,40.87,1300,40.86,1500,40.85,300,40.84,4500,40.9,100,40.91,200,40.93,3500,40.95,1000,41.0,2100,HOLD
1782352654078,09:57:30,40.9,40.23,41.54,38.31,39.34,5468800.0,219900000.0,40.86,1700,40.85,300,40.84,4500,40.83,1300,40.82,2500,40.9,500,40.91,200,40.93,3500,40.95,1000,41.0,2400,HOLD
1782352657096,09:57:33,40.9,40.23,41.54,38.31,39.34,5469300.0,219920000.0,40.86,400,40.85,300,40.84,3700,40.83,600,40.82,2300,40.9,100,40.91,200,40.93,3500,40.95,1000,41.0,2400,HOLD
1782352663102,09:57:39,40.9,40.23,41.54,38.31,39.34,5469900.0,219950000.0,40.9,1800,40.89,100,40.88,2100,40.87,700,40.86,600,40.91,400,40.93,3500,40.94,100,40.95,1000,41.0,2100,HOLD
1782352666104,09:57:42,40.92,40.23,41.54,38.31,39.34,5471500.0,220010000.0,40.91,2000,40.9,1700,40.89,100,40.88,2100,40.87,700,40.92,100,40.93,2500,40.94,100,40.95,1000,41.0,2200,HOLD
1782352669116,09:57:45,40.93,40.23,41.54,38.31,39.34,5472900.0,220070000.0,40.91,1900,40.9,1700,40.89,100,40.88,2100,40.87,700,40.93,1400,40.94,100,40.95,1000,41.0,2200,41.01,5800,HOLD
1782352672123,09:57:48,40.93,40.23,41.54,38.31,39.34,5473400.0,220090000.0,40.92,1000,40.91,2200,40.9,2100,40.89,100,40.88,2100,40.93,1100,40.94,100,40.95,1000,41.0,2200,41.01,5800,HOLD
1782352675138,09:57:51,40.93,40.23,41.54,38.31,39.34,5474800.0,220150000.0,40.93,500,40.92,1100,40.91,2200,40.9,2100,40.89,100,40.95,1100,40.97,100,41.0,2200,41.01,5800,41.02,5300,HOLD
1782352678158,09:57:54,40.92,40.23,41.54,38.31,39.34,5481100.0,220400000.0,40.89,100,40.86,200,40.85,3200,40.84,4300,40.83,900,40.92,100,40.94,800,40.95,2400,40.97,100,41.0,4200,HOLD
1782352681168,09:57:57,40.86,40.23,41.54,38.31,39.34,5481800.0,220430000.0,40.86,1000,40.85,3200,40.84,3700,40.83,100,40.82,1900,40.89,100,40.92,2000,40.93,100,40.94,800,40.95,2400,HOLD
1782352684162,09:58:00,40.88,40.23,41.54,38.31,39.34,5484000.0,220520000.0,40.85,3200,40.84,3700,40.83,100,40.82,1900,40.81,600,40.88,1600,40.89,100,40.92,2000,40.93,100,40.94,800,HOLD
1782352687178,09:58:03,40.85,40.23,41.54,38.31,39.34,5484900.0,220560000.0,40.85,2500,40.84,3700,40.83,100,40.82,1800,40.81,600,40.88,1700,40.89,100,40.92,2000,40.93,600,40.94,800,HOLD
1782352690219,09:58:06,40.92,40.23,41.54,38.31,39.34,5502100.0,221260000.0,40.87,1000,40.86,300,40.82,800,40.81,600,40.8,1500,40.92,5900,40.93,600,40.94,800,40.95,2400,41.0,4300,HOLD
1782352693227,09:58:09,40.92,40.23,41.54,38.31,39.34,5502100.0,221260000.0,40.88,400,40.87,1000,40.86,300,40.85,1000,40.82,800,40.92,4400,40.93,600,40.94,900,40.95,1100,41.0,4300,HOLD
1782352696198,09:58:12,40.92,40.23,41.54,38.31,39.34,5503100.0,221300000.0,40.88,500,40.87,800,40.86,300,40.85,1000,40.84,1300,40.92,2000,40.93,600,40.94,900,40.95,1100,41.0,4300,HOLD
1782352699212,09:58:15,40.92,40.23,41.54,38.31,39.34,5504100.0,221340000.0,40.88,900,40.87,1100,40.86,300,40.85,1000,40.84,1300,40.92,1000,40.93,600,40.94,900,40.95,1000,41.0,4300,HOLD
1782352702219,09:58:18,40.88,40.23,41.54,38.31,39.34,5506000.0,221420000.0,40.87,1100,40.86,300,40.85,1000,40.82,800,40.81,600,40.91,100,40.92,2100,40.93,700,40.94,900,40.95,1000,HOLD
1782352705249,09:58:21,40.81,40.23,41.54,38.31,39.34,5509800.0,221580000.0,40.81,100,40.8,3000,40.79,100,40.78,800,40.76,2000,40.89,300,40.9,800,40.91,1900,40.92,2100,40.93,700,HOLD
1782352708249,09:58:24,40.8,40.23,41.54,38.31,39.34,5511100.0,221630000.0,40.8,1800,40.79,100,40.78,800,40.76,2000,40.73,200,40.86,1000,40.88,1000,40.9,800,40.91,1900,40.92,2900,HOLD
1782352711256,09:58:27,40.8,40.23,41.54,38.31,39.34,5514000.0,221750000.0,40.79,100,40.78,700,40.76,2000,40.73,200,40.7,6200,40.8,400,40.81,1100,40.82,300,40.83,200,40.84,400,HOLD
1782352714266,09:58:30,40.81,40.23,41.54,38.31,39.34,5515100.0,221790000.0,40.8,100,40.78,700,40.76,1300,40.73,200,40.72,800,40.81,500,40.82,300,40.83,200,40.84,300,40.85,1300,HOLD
1782352717277,09:58:33,40.81,40.23,41.54,38.31,39.34,5515400.0,221810000.0,40.8,100,40.78,700,40.76,1300,40.73,200,40.72,800,40.81,200,40.85,1100,40.88,1000,40.9,600,40.91,700,HOLD
1782352720294,09:58:36,40.81,40.23,41.54,38.31,39.34,5515700.0,221820000.0,40.81,600,40.8,600,40.79,700,40.78,700,40.76,1500,40.85,1100,40.9,600,40.91,100,40.92,3000,40.93,900,HOLD
1782352723387,09:58:39,40.8,40.23,41.54,38.31,39.34,5517100.0,221870000.0,40.81,300,40.8,600,40.79,700,40.78,700,40.76,1500,40.85,1100,40.86,100,40.9,600,40.91,100,40.92,3000,HOLD
1782352726297,09:58:42,40.8,40.23,41.54,38.31,39.34,5517100.0,221870000.0,40.82,900,40.81,4400,40.8,1200,40.79,700,40.78,700,40.85,1100,40.86,100,40.9,600,40.91,100,40.92,3000,HOLD
1782352729303,09:58:45,40.81,40.23,41.54,38.31,39.34,5520900.0,222030000.0,40.82,300,40.81,5400,40.8,1300,40.79,700,40.78,700,40.9,3500,40.91,100,40.92,3000,40.93,900,40.94,800,HOLD
1782352732311,09:58:48,40.85,40.23,41.54,38.31,39.34,5521000.0,222030000.0,40.82,1000,40.81,5400,40.8,1300,40.79,100,40.78,1400,40.85,1400,40.9,3500,40.91,100,40.92,3000,40.93,900,HOLD
1782352735314,09:58:51,40.92,40.23,41.54,38.31,39.34,5527400.0,222290000.0,40.9,200,40.86,700,40.85,500,40.82,1000,40.81,5400,40.92,1600,40.93,900,40.94,2400,40.95,1000,41.0,3800,HOLD
1782352738328,09:58:54,40.93,40.23,41.54,38.31,39.34,5529300.0,222370000.0,40.92,600,40.91,500,40.9,2900,40.88,600,40.87,700,40.93,600,40.94,2400,40.95,1100,41.0,3800,41.01,800,HOLD
1782352741347,09:58:57,40.94,40.23,41.54,38.31,39.34,5530000.0,222400000.0,40.93,200,40.92,1900,40.91,1800,40.9,2400,40.85,1000,40.94,2300,40.95,1000,41.0,3800,41.01,800,41.02,5300,HOLD
1782352744342,09:59:00,40.95,40.23,41.54,38.31,39.34,5533700.0,222550000.0,40.94,2700,40.92,900,40.91,1300,40.9,300,40.88,100,40.95,800,40.97,200,41.0,3800,41.01,800,41.02,5300,HOLD
1782352747347,09:59:03,41.0,40.23,41.54,38.31,39.34,5535100.0,222610000.0,40.95,1000,40.94,1200,40.92,400,40.91,900,40.9,300,41.0,3400,41.01,800,41.02,5300,41.04,1000,41.05,1200,HOLD
1782352750363,09:59:06,41.0,40.23,41.54,38.31,39.34,5537400.0,222700000.0,40.96,200,40.95,1000,40.94,1300,40.92,100,40.91,900,41.0,1100,41.01,1300,41.02,5300,41.04,1000,41.05,1200,HOLD
1782352753375,09:59:12,40.97,40.23,41.54,38.31,39.34,5539800.0,222800000.0,40.97,100,40.96,2100,40.95,1000,40.94,700,40.92,100,40.99,300,41.0,1400,41.01,1300,41.02,5300,41.04,1000,HOLD
1782352756418,09:59:15,40.97,40.23,41.54,38.31,39.34,5541500.0,222870000.0,40.96,2100,40.94,600,40.92,100,40.91,300,40.9,300,40.98,700,40.99,700,41.0,1600,41.01,1300,41.02,5300,HOLD
1782352762403,09:59:18,40.96,40.23,41.54,38.31,39.34,5542900.0,222930000.0,40.96,1400,40.94,700,40.92,300,40.91,300,40.9,200,40.98,100,40.99,700,41.0,1700,41.01,1300,41.02,5300,HOLD
1782352765415,09:59:21,40.97,40.23,41.54,38.31,39.34,5543900.0,222970000.0,40.96,1300,40.95,1100,40.94,700,40.92,300,40.91,100,40.97,600,40.98,700,40.99,700,41.0,1700,41.01,1300,HOLD
1782352768429,09:59:24,40.97,40.23,41.54,38.31,39.34,5546600.0,223080000.0,40.95,1100,40.94,700,40.92,300,40.91,100,40.9,200,40.97,400,40.98,800,40.99,1700,41.0,1700,41.01,1300,HOLD
1782352771448,09:59:30,40.96,40.23,41.54,38.31,39.34,5551700.0,223290000.0,40.9,200,40.89,100,40.88,100,40.82,300,40.81,3900,40.96,600,40.97,4700,40.98,600,40.99,1700,41.0,1700,HOLD
1782352777453,09:59:33,40.95,40.23,41.54,38.31,39.34,5553600.0,223370000.0,40.9,100,40.89,100,40.88,100,40.87,100,40.82,300,40.95,700,40.96,400,40.97,4800,40.98,600,40.99,1100,HOLD
1782352780463,09:59:39,40.9,40.23,41.54,38.31,39.34,5554700.0,223410000.0,40.9,300,40.89,100,40.88,100,40.87,200,40.82,300,40.96,500,40.97,3500,40.98,600,40.99,1000,41.0,1900,HOLD
1782352786493,09:59:42,40.9,40.23,41.54,38.31,39.34,5555300.0,223440000.0,40.88,900,40.87,1200,40.82,300,40.81,3900,40.8,14100,40.9,700,40.93,100,40.96,800,40.97,3500,40.98,600,HOLD
1782352789480,09:59:45,40.9,40.23,41.54,38.31,39.34,5555300.0,223440000.0,40.88,900,40.87,1200,40.82,300,40.81,3900,40.8,14100,40.89,200,40.9,900,40.93,100,40.95,700,40.96,1300,HOLD
1782352792500,09:59:48,40.88,40.23,41.54,38.31,39.34,5555400.0,223440000.0,40.88,800,40.87,1400,40.82,1600,40.81,4900,40.8,14100,40.89,200,40.9,1700,40.92,100,40.93,100,40.95,700,HOLD
1782352795509,09:59:54,40.9,40.23,41.54,38.31,39.34,5558300.0,223560000.0,40.9,100,40.89,100,40.88,800,40.87,1400,40.86,200,40.93,100,40.96,1300,40.97,800,40.98,1200,40.99,1000,HOLD
1782352801523,09:59:57,40.93,40.23,41.54,38.31,39.34,5558700.0,223580000.0,40.93,200,40.9,400,40.89,100,40.87,400,40.85,500,40.95,100,40.96,1300,40.97,800,40.98,1200,40.99,1000,HOLD
1782352804521,10:00:00,40.95,40.23,41.54,38.31,39.34,5559900.0,223620000.0,40.95,100,40.94,500,40.92,100,40.9,600,40.88,1300,40.96,1300,40.97,800,40.98,1200,40.99,1000,41.0,2300,HOLD
1782352807528,10:00:03,40.95,40.23,41.54,38.31,39.34,5564400.0,223810000.0,40.92,100,40.89,1300,40.88,1300,40.87,400,40.86,1000,40.94,200,40.96,600,40.97,700,40.98,1200,40.99,1000,HOLD
1782352810521,10:00:06,40.94,40.23,41.54,38.31,39.34,5565200.0,223840000.0,40.94,800,40.93,100,40.92,400,40.89,1900,40.88,2000,40.96,500,40.97,700,40.98,1100,40.99,1000,41.0,2300,HOLD
1782352813548,10:00:09,40.94,40.23,41.54,38.31,39.34,5567300.0,223930000.0,40.9,100,40.89,1900,40.88,2000,40.87,600,40.86,1000,40.94,600,40.95,700,40.96,300,40.97,700,40.98,1100,HOLD
1782352816549,10:00:12,40.94,40.23,41.54,38.31,39.34,5570100.0,224040000.0,40.94,100,40.9,200,40.89,1300,40.88,1300,40.87,400,40.95,1000,40.96,600,40.97,700,40.98,1100,40.99,1000,HOLD
1782352819563,10:00:15,40.94,40.23,41.54,38.31,39.34,5572400.0,224140000.0,40.9,200,40.89,1300,40.88,1300,40.87,400,40.86,1000,40.95,600,40.96,100,40.97,700,40.98,1100,40.99,1000,HOLD
1782352822572,10:00:18,40.9,40.23,41.54,38.31,39.34,5573000.0,224160000.0,40.89,1900,40.88,2500,40.87,500,40.86,1000,40.85,500,40.95,700,40.96,100,40.97,700,40.98,1100,40.99,1000,HOLD
1782352825602,10:00:21,40.93,40.23,41.54,38.31,39.34,5573800.0,224190000.0,40.89,1900,40.88,2500,40.87,300,40.86,1000,40.85,500,40.94,1300,40.95,1100,40.96,100,40.97,700,40.98,1100,HOLD
