local_time_ms,server_time,price,open,high,low,prev_close,cum_volume,cum_amount,bp1,bv1,bp2,bv2,bp3,bv3,bp4,bv4,bp5,bv5,sp1,sv1,sp2,sv2,sp3,sv3,sp4,sv4,sp5,sv5,signal
1782091500005,09:24:57,41.7,0.0,0.0,0.0,41.76,0.0,0.0,41.7,39500.0,0.0,0.0,0.0,0.0,0.0,0.0,0.0,0.0,41.7,39500.0,0.0,21000.0,0.0,0.0,0.0,0.0,0.0,0.0,HOLD
1782091503006,09:25:00,41.76,41.76,41.76,41.76,41.76,63300.0,2643408.0,41.72,100.0,41.7,1700.0,41.56,700.0,41.550000000000004,5000.0,41.5,100.0,41.76,9700.0,41.77,200.0,42.0,11100.0,42.18,3700.0,42.38,1500.0,HOLD
1782091581049,09:26:18,41.76,41.76,41.76,41.76,41.76,63300.0,2640000.0,41.72,100,41.7,1700,41.56,700,41.55,5000,41.5,100,41.76,9700,41.77,200,42.0,11100,42.18,3700,42.38,1500,HOLD
1782091641056,09:27:18,41.76,41.76,41.76,41.76,41.76,63300.0,2640000.0,41.72,100,41.7,1700,41.56,700,41.55,5000,41.5,100,41.76,9700,41.77,200,42.0,11100,42.18,3700,42.38,1500,HOLD
1782091701054,09:28:18,41.76,41.76,41.76,41.76,41.76,63300.0,2640000.0,41.72,100,41.7,1700,41.56,700,41.55,5000,41.5,100,41.76,9700,41.77,200,42.0,11100,42.18,3700,42.38,1500,HOLD
1782091761084,09:29:18,41.76,41.76,41.76,41.76,41.76,63300.0,2640000.0,41.72,100,41.7,1700,41.56,700,41.55,5000,41.5,100,41.76,9700,41.77,200,42.0,11100,42.18,3700,42.38,1500,HOLD
1782091803097,09:30:00,41.8,41.76,42.38,41.76,41.76,122100.0,5110000.0,41.8,1300,41.78,4900,41.77,14500,41.76,19600,41.73,2100,41.99,1500,42.0,1200,42.17,100,42.18,5500,42.38,1200,HOLD
1782091809099,09:30:06,42.46,41.76,42.56,41.76,41.76,167500.0,7030000.0,42.46,2900,42.42,200,42.39,500,42.38,800,42.37,5800,42.49,200,42.56,2500,42.57,200,42.58,2100,42.68,300,HOLD
1782091815103,09:30:12,42.18,41.76,42.56,41.76,41.76,203800.0,8570000.0,42.36,100,42.27,10300,42.18,5900,42.12,5500,42.11,1100,42.42,4500,42.45,1100,42.46,32900,42.48,300,42.56,1200,HOLD
1782091818103,09:30:15,42.41,41.76,42.56,41.76,41.76,225600.0,9490000.0,42.41,200,42.37,1500,42.36,300,42.27,15200,42.19,6500,42.46,24100,42.48,300,42.56,1200,42.57,200,42.58,2100,HOLD
1782091824111,09:30:21,42.71,41.76,42.8,41.76,41.76,274600.0,11570000.0,42.71,500,42.58,4900,42.57,1200,42.56,7000,42.47,7400,42.8,7600,42.84,500,42.86,400,42.87,1700,42.88,2600,HOLD
1782091827108,09:30:24,42.8,41.76,42.8,41.76,41.76,285400.0,12040000.0,42.58,1300,42.56,7300,42.49,100,42.47,7400,42.46,5400,42.71,6500,42.8,2300,42.84,700,42.85,1300,42.86,100,HOLD
1782091830109,09:30:27,42.56,41.76,42.8,41.76,41.76,294700.0,12430000.0,42.49,600,42.47,7400,42.46,5000,42.43,9700,42.42,4100,42.56,2400,42.57,800,42.58,7400,42.63,100,42.65,500,HOLD
1782091836113,09:30:33,42.27,41.76,42.8,41.76,41.76,333900.0,14090000.0,42.19,6500,42.18,4800,42.12,5500,42.11,900,42.06,200,42.36,4800,42.37,1100,42.38,5700,42.4,300,42.41,6000,HOLD
1782091839114,09:30:36,42.32,41.76,42.8,41.76,41.76,347300.0,14660000.0,42.19,1400,42.18,4800,42.12,5500,42.11,900,42.06,200,42.32,6400,42.35,200,42.36,6300,42.37,1400,42.38,6300,HOLD
1782091842116,09:30:39,42.19,41.76,42.8,41.76,41.76,352700.0,14890000.0,42.18,4800,42.14,1900,42.12,5500,42.11,900,42.06,200,42.19,300,42.32,3700,42.35,100,42.36,2200,42.37,1300,HOLD
1782091845116,09:30:42,42.19,41.76,42.8,41.76,41.76,375900.0,15870000.0,42.19,400,42.12,2100,42.11,900,42.06,200,42.03,2900,42.32,2000,42.35,100,42.36,2200,42.37,1300,42.38,6900,HOLD
1782091848118,09:30:45,42.32,41.76,42.8,41.76,41.76,382400.0,16140000.0,42.19,2200,42.16,300,42.12,2700,42.11,500,42.06,3200,42.32,1400,42.35,100,42.36,2200,42.37,1100,42.38,6900,HOLD
1782091851121,09:30:48,42.18,41.76,42.8,41.76,41.76,389500.0,16440000.0,42.12,2000,42.11,500,42.06,3200,42.03,2900,42.02,100,42.18,43000,42.19,5400,42.3,1000,42.31,3600,42.32,2500,HOLD
1782091854121,09:30:51,42.12,41.76,42.8,41.76,41.76,393800.0,16620000.0,42.11,500,42.06,3200,42.03,2900,42.02,100,42.01,1000,42.12,18600,42.17,100,42.18,43400,42.19,5600,42.3,1000,HOLD
1782091860125,09:30:57,42.11,41.76,42.8,41.76,41.76,408300.0,17230000.0,42.09,3300,42.01,900,42.0,21100,41.99,400,41.81,2800,42.11,500,42.12,19400,42.17,100,42.18,400,42.19,3600,HOLD
1782091866127,09:31:03,42.12,41.76,42.8,41.76,41.76,493900.0,20840000.0,42.12,13500,42.11,200,42.0,18400,41.99,400,41.81,2800,42.19,2100,42.3,1100,42.31,7200,42.32,1700,42.33,1000,HOLD
1782091872130,09:31:09,42.07,41.76,42.8,41.76,41.76,557600.0,23520000.0,42.07,1800,42.06,200,42.03,100,42.0,1500,41.99,100,42.12,3000,42.14,500,42.18,1100,42.19,1200,42.29,100,HOLD
1782091878133,09:31:15,42.0,41.76,42.8,41.76,41.76,588300.0,24810000.0,41.81,2800,41.8,200,41.79,700,41.77,200,41.76,23800,42.0,2100,42.01,100,42.06,3300,42.07,2500,42.1,1100,HOLD
1782091881134,09:31:18,41.82,41.76,42.8,41.76,41.76,603800.0,25460000.0,41.81,2700,41.8,500,41.79,700,41.77,200,41.76,23100,42.0,500,42.06,1400,42.11,100,42.12,400,42.18,1700,HOLD
1782091884142,09:31:21,41.82,41.76,42.8,41.76,41.76,617200.0,26020000.0,41.82,3200,41.81,7900,41.8,500,41.79,700,41.77,200,42.0,400,42.03,4000,42.06,1500,42.07,4400,42.11,100,HOLD
1782091887137,09:31:24,41.76,41.76,42.8,41.76,41.76,662800.0,27930000.0,41.75,3300,41.73,2300,41.72,700,41.7,1000,41.66,100,41.76,4500,41.97,300,41.99,500,42.0,400,42.03,4000,HOLD
1782091893139,09:31:30,41.84,41.76,42.8,41.76,41.76,686100.0,28900000.0,41.83,100,41.82,77900,41.81,2000,41.8,100,41.79,8500,41.95,1400,42.03,4000,42.11,100,42.12,500,42.18,1500,HOLD
1782091896142,09:31:33,41.95,41.76,42.8,41.76,41.76,694800.0,29270000.0,42.0,200,41.95,1100,41.94,200,41.93,200,41.84,6700,42.02,1000,42.11,100,42.12,500,42.18,1500,42.19,1200,HOLD
1782091899142,09:31:36,42.0,41.76,42.8,41.76,41.76,698400.0,29420000.0,42.0,200,41.95,800,41.85,200,41.84,3900,41.83,5000,42.01,600,42.02,700,42.11,100,42.12,500,42.18,1500,HOLD
1782091902144,09:31:39,42.0,41.76,42.8,41.76,41.76,703400.0,29630000.0,42.0,1200,41.99,700,41.98,100,41.95,400,41.85,200,42.1,800,42.11,100,42.12,500,42.18,1500,42.19,1200,HOLD
1782091908146,09:31:45,42.0,41.76,42.8,41.76,41.76,714900.0,30110000.0,42.01,600,42.0,10200,41.99,400,41.98,100,41.95,400,42.17,600,42.18,1500,42.19,1200,42.29,100,42.3,1200,HOLD
1782091911148,09:31:48,42.01,41.76,42.8,41.76,41.76,716900.0,30200000.0,42.08,300,42.01,600,42.0,10100,41.99,400,41.98,100,42.15,100,42.16,1200,42.17,2200,42.18,1500,42.19,1200,HOLD
1782091914148,09:31:51,42.1,41.76,42.8,41.76,41.76,737300.0,31050000.0,42.02,100,42.0,5100,41.98,100,41.86,300,41.85,200,42.11,200,42.14,200,42.15,600,42.17,2200,42.18,2200,HOLD
1782091917149,09:31:54,42.13,41.76,42.8,41.76,41.76,749700.0,31580000.0,42.0,9300,41.98,100,41.86,300,41.85,200,41.84,1700,42.08,24700,42.11,300,42.12,200,42.13,100,42.14,3600,HOLD
1782091920150,09:31:57,42.08,41.76,42.8,41.76,41.76,757300.0,31900000.0,42.01,100,42.0,5600,41.98,1100,41.86,300,41.84,1700,42.08,18100,42.1,900,42.11,300,42.12,200,42.14,3600,HOLD
1782091923152,09:32:00,42.0,41.76,42.8,41.76,41.76,774700.0,32630000.0,41.88,300,41.87,1400,41.86,63800,41.84,1400,41.82,6100,42.0,100,42.05,1600,42.08,16100,42.11,300,42.14,3600,HOLD
1782091926153,09:32:03,41.71,41.76,42.8,41.71,41.76,832600.0,35050000.0,41.7,1000,41.66,100,41.6,3300,41.58,1000,41.56,600,41.75,1200,41.76,2400,41.79,400,41.8,100,41.84,1300,HOLD
1782091932155,09:32:06,41.79,41.76,42.8,41.71,41.76,844400.0,35540000.0,41.76,1800,41.75,1000,41.73,4100,41.71,500,41.7,1000,41.84,800,41.86,8700,41.88,400,42.0,20200,42.01,5300,HOLD
1782091935156,09:32:12,41.74,41.76,42.8,41.7,41.76,860600.0,36220000.0,41.66,100,41.61,1000,41.6,3300,41.58,1000,41.56,600,41.74,1100,41.75,3300,41.76,3900,41.79,300,41.84,1300,HOLD
1782091938158,09:32:15,41.61,41.76,42.8,41.61,41.76,863500.0,36340000.0,41.61,900,41.6,3300,41.58,1400,41.56,600,41.55,5000,41.75,2200,41.76,2800,41.79,300,41.84,1300,41.88,400,HOLD
1782091941159,09:32:18,41.76,41.76,42.8,41.61,41.76,877700.0,36930000.0,41.79,1600,41.76,27300,41.63,300,41.62,1300,41.61,10900,41.83,1600,41.84,1200,41.88,400,42.08,15200,42.11,300,HOLD
1782091947165,09:32:24,41.91,41.76,42.8,41.61,41.76,889500.0,37420000.0,41.91,300,41.86,2600,41.81,200,41.8,100,41.79,31800,42.01,100,42.03,100,42.08,15200,42.11,300,42.14,3600,HOLD
1782091953162,09:32:27,42.03,41.76,42.8,41.61,41.76,894000.0,37610000.0,41.98,1000,41.86,2600,41.84,300,41.8,100,41.79,8200,42.03,1200,42.07,700,42.08,15200,42.11,300,42.14,3600,HOLD
1782091956163,09:32:33,42.02,41.76,42.8,41.61,41.76,906200.0,38120000.0,41.96,4700,41.95,3800,41.93,300,41.86,2600,41.84,300,42.02,2000,42.03,20200,42.07,700,42.08,15200,42.11,300,HOLD
1782091959164,09:32:36,42.0,41.76,42.8,41.61,41.76,907600.0,38180000.0,41.98,500,41.96,4400,41.95,3800,41.93,300,41.84,300,42.01,2700,42.02,2400,42.03,20000,42.07,700,42.08,15200,HOLD
1782091962165,09:32:39,41.98,41.76,42.8,41.61,41.76,909200.0,38250000.0,41.96,4400,41.95,3800,41.93,300,41.9,200,41.84,300,41.98,500,42.01,22200,42.02,2400,42.03,21000,42.07,700,HOLD
1782091968167,09:32:45,41.84,41.76,42.8,41.61,41.76,921900.0,38780000.0,41.83,1700,41.79,600,41.76,27400,41.75,300,41.74,100,41.84,300,41.88,1500,41.89,200,41.9,300,41.91,2400,HOLD
1782091971168,09:32:48,41.88,41.76,42.8,41.61,41.76,925200.0,38920000.0,41.79,500,41.76,27400,41.75,300,41.74,100,41.72,200,41.83,600,41.88,300,41.89,200,41.9,300,41.94,400,HOLD
1782091974170,09:32:51,41.89,41.76,42.8,41.61,41.76,934700.0,39320000.0,41.88,300,41.77,200,41.76,27400,41.75,300,41.74,100,41.94,400,41.95,300,41.97,1400,41.98,800,42.0,15500,HOLD
1782091977170,09:32:54,41.68,41.76,42.8,41.61,41.76,968900.0,40750000.0,41.68,3000,41.63,300,41.62,100,41.61,1400,41.6,8300,41.83,100,41.87,1700,41.88,10200,41.89,100,41.93,100,HOLD
1782091980172,09:32:57,41.76,41.76,42.8,41.61,41.76,972600.0,40900000.0,41.72,600,41.68,2000,41.63,300,41.62,100,41.61,1500,41.76,2500,41.79,1900,41.8,1000,41.82,100,41.83,300,HOLD
1782091983173,09:33:00,41.6,41.76,42.8,41.58,41.76,987000.0,41500000.0,41.58,600,41.56,2500,41.55,5000,41.51,300,41.5,3100,41.6,100,41.73,800,41.74,900,41.75,100,41.79,1900,HOLD
1782091986173,09:33:03,41.48,41.76,42.8,41.47,41.76,1006300.0,42300000.0,41.45,5000,41.42,1500,41.4,5000,41.36,2900,41.3,3500,41.51,1500,41.55,1900,41.56,2900,41.58,1700,41.59,1500,HOLD
1782091989176,09:33:06,41.56,41.76,42.8,41.45,41.76,1016700.0,42730000.0,41.47,500,41.46,500,41.45,5800,41.42,1500,41.4,5000,41.55,400,41.56,1200,41.58,4700,41.59,1500,41.6,700,HOLD
1782091992176,09:33:09,41.47,41.76,42.8,41.45,41.76,1050800.0,44150000.0,41.5,1600,41.49,6000,41.48,4600,41.47,9200,41.46,500,41.6,300,41.61,2200,41.68,300,41.72,700,41.73,800,HOLD
1782091998176,09:33:15,41.6,41.76,42.8,41.45,41.76,1068200.0,44880000.0,41.6,300,41.54,200,41.53,1300,41.51,300,41.5,1600,41.65,1400,41.66,100,41.67,200,41.68,100,41.69,700,HOLD
1782092001178,09:33:18,41.54,41.76,42.8,41.45,41.76,1069700.0,44940000.0,41.54,100,41.53,1700,41.51,300,41.5,1700,41.49,6000,41.65,1100,41.66,200,41.68,100,41.69,700,41.71,3400,HOLD
1782092004179,09:33:21,41.54,41.76,42.8,41.45,41.76,1073000.0,45070000.0,41.55,100,41.54,2300,41.53,1700,41.52,200,41.51,700,41.59,3000,41.6,1200,41.65,1100,41.66,200,41.68,100,HOLD
1782092007184,09:33:24,41.56,41.76,42.8,41.45,41.76,1077400.0,45260000.0,41.55,100,41.54,1900,41.53,1700,41.52,200,41.51,900,41.58,100,41.59,500,41.6,1200,41.65,1100,41.66,200,HOLD
1782092010181,09:33:27,41.59,41.76,42.8,41.45,41.76,1078500.0,45300000.0,41.59,300,41.58,1100,41.55,100,41.54,1900,41.53,1700,41.6,1000,41.65,1800,41.66,200,41.68,100,41.7,1400,HOLD
1782092013182,09:33:30,41.54,41.76,42.8,41.45,41.76,1083600.0,45520000.0,41.53,100,41.52,200,41.51,700,41.5,2000,41.49,1200,41.54,4400,41.55,30700,41.59,700,41.6,1100,41.66,100,HOLD
1782092016182,09:33:33,41.54,41.76,42.8,41.45,41.76,1085000.0,45570000.0,41.52,200,41.51,600,41.5,2000,41.49,1400,41.47,1300,41.54,2900,41.55,30700,41.56,800,41.59,800,41.6,1100,HOLD
1782092022186,09:33:36,41.46,41.76,42.8,41.45,41.76,1094300.0,45960000.0,41.45,5400,41.42,1500,41.41,200,41.4,5600,41.36,3900,41.46,1200,41.55,30700,41.56,800,41.59,3800,41.6,1100,HOLD
1782092025185,09:33:42,41.45,41.76,42.8,41.44,41.76,1103800.0,46350000.0,41.42,4000,41.41,200,41.4,5600,41.36,3900,41.3,3500,41.46,400,41.52,1400,41.55,30700,41.56,800,41.59,3800,HOLD
1782092028187,09:33:45,41.42,41.76,42.8,41.4,41.76,1109700.0,46600000.0,41.4,5800,41.36,3900,41.3,3600,41.27,100,41.22,300,41.42,700,41.44,1500,41.45,700,41.46,400,41.52,1400,HOLD
1782092031188,09:33:48,41.42,41.76,42.8,41.4,41.76,1110300.0,46620000.0,41.4,5600,41.36,3900,41.31,100,41.3,3600,41.27,100,41.42,1800,41.44,1500,41.45,700,41.46,400,41.52,1400,HOLD
1782092034193,09:33:51,41.42,41.76,42.8,41.4,41.76,1115700.0,46850000.0,41.41,2500,41.4,1500,41.36,3900,41.31,100,41.3,3600,41.42,600,41.44,1500,41.45,1900,41.46,400,41.52,1300,HOLD
1782092037191,09:33:54,41.44,41.76,42.8,41.4,41.76,1119700.0,47010000.0,41.43,400,41.42,1000,41.41,1500,41.4,1800,41.37,300,41.44,500,41.45,1400,41.46,100,41.52,1300,41.55,30700,HOLD
1782092040192,09:33:57,41.4,41.76,42.8,41.4,41.76,1124100.0,47190000.0,41.4,1800,41.37,300,41.36,3900,41.31,400,41.3,3600,41.41,200,41.42,100,41.44,1100,41.45,1300,41.46,100,HOLD
1782092043192,09:34:00,41.4,41.76,42.8,41.39,41.76,1147600.0,48170000.0,41.37,300,41.36,3900,41.31,400,41.3,3600,41.27,100,41.4,100,41.42,300,41.43,1200,41.44,7100,41.45,1300,HOLD
1782092046192,09:34:03,41.27,41.76,42.8,41.22,41.76,1156500.0,48540000.0,41.2,2000,41.14,1100,41.12,900,41.11,500,41.1,100,41.3,11600,41.31,500,41.36,2100,41.37,1200,41.4,2700,HOLD
1782092049194,09:34:06,41.3,41.76,42.8,41.2,41.76,1158500.0,48620000.0,41.23,100,41.22,100,41.21,100,41.2,5900,41.14,1100,41.3,11000,41.31,500,41.36,2100,41.37,2000,41.4,2300,HOLD
1782092052196,09:34:09,41.27,41.76,42.8,41.2,41.76,1159500.0,48660000.0,41.27,800,41.25,100,41.22,300,41.2,5900,41.14,1100,41.3,11000,41.31,500,41.36,2000,41.37,5000,41.4,2300,HOLD
1782092055196,09:34:12,41.3,41.76,42.8,41.2,41.76,1169800.0,49080000.0,41.27,800,41.23,1300,41.22,300,41.21,100,41.2,500,41.3,4500,41.31,500,41.36,2000,41.37,8500,41.4,2300,HOLD
1782092061199,09:34:18,41.37,41.76,42.8,41.2,41.76,1204800.0,50530000.0,41.37,3000,41.34,100,41.33,400,41.32,300,41.31,1100,41.5,100,41.51,700,41.52,1300,41.53,100,41.57,200,HOLD
1782092064201,09:34:21,41.37,41.76,42.8,41.2,41.76,1207500.0,50640000.0,41.37,1600,41.33,400,41.32,300,41.31,1100,41.3,19000,41.5,100,41.51,700,41.52,1300,41.53,100,41.6,100,HOLD
1782092067206,09:34:24,41.54,41.76,42.8,41.2,41.76,1212900.0,50870000.0,41.54,600,41.51,200,41.5,1200,41.37,1600,41.33,300,41.6,100,41.7,300,41.75,300,41.8,500,41.87,100,HOLD
1782092070201,09:34:27,41.6,41.76,42.8,41.2,41.76,1217300.0,51050000.0,41.52,400,41.38,300,41.37,700,41.33,300,41.31,1000,41.6,300,41.63,600,41.64,800,41.69,200,41.7,300,HOLD
1782092073203,09:34:30,41.54,41.76,42.8,41.2,41.76,1223100.0,51290000.0,41.55,700,41.54,100,41.52,400,41.38,300,41.37,800,41.6,100,41.63,600,41.64,800,41.69,200,41.7,300,HOLD
1782092076205,09:34:33,41.63,41.76,42.8,41.2,41.76,1223600.0,51310000.0,41.6,1100,41.55,600,41.54,100,41.53,500,41.52,500,41.63,500,41.64,800,41.69,200,41.7,300,41.75,300,HOLD
1782092079207,09:34:36,41.62,41.76,42.8,41.2,41.76,1224700.0,51360000.0,41.6,4600,41.55,200,41.54,100,41.52,500,41.5,100,41.63,500,41.64,800,41.69,200,41.7,300,41.75,300,HOLD
1782092085208,09:34:39,41.6,41.76,42.8,41.2,41.76,1232100.0,51670000.0,41.55,100,41.54,100,41.52,500,41.5,100,41.4,2100,41.6,2800,41.63,700,41.64,8200,41.66,700,41.69,200,HOLD
1782092088211,09:34:45,41.55,41.76,42.8,41.2,41.76,1242000.0,52080000.0,41.54,400,41.42,1100,41.31,200,41.3,19700,41.27,1000,41.59,1700,41.6,2400,41.63,100,41.64,8200,41.66,700,HOLD
1782092091212,09:34:48,41.54,41.76,42.8,41.2,41.76,1244700.0,52190000.0,41.52,200,41.42,1100,41.38,200,41.31,200,41.3,19700,41.54,7200,41.59,1100,41.6,2400,41.63,100,41.64,8200,HOLD
1782092094215,09:34:51,41.5,41.76,42.8,41.2,41.76,1246600.0,52270000.0,41.42,1100,41.38,200,41.31,200,41.3,19700,41.27,900,41.5,1800,41.53,100,41.54,10700,41.55,4600,41.56,800,HOLD
1782092097215,09:34:54,41.49,41.76,42.8,41.2,41.76,1248600.0,52350000.0,41.43,500,41.42,1200,41.4,500,41.38,200,41.31,200,41.5,200,41.52,27500,41.53,100,41.54,6500,41.55,4600,HOLD
1782092100217,09:34:57,41.41,41.76,42.8,41.2,41.76,1273000.0,53360000.0,41.34,300,41.33,17700,41.32,4200,41.31,96400,41.3,19700,41.41,400,41.42,4300,41.52,26700,41.53,100,41.54,5500,HOLD
1782092103218,09:35:00,41.31,41.76,42.8,41.2,41.76,1355500.0,56770000.0,41.31,35800,41.3,19700,41.27,900,41.26,100,41.25,500,41.39,100,41.41,200,41.42,4300,41.48,200,41.52,26700,HOLD
1782092106220,09:35:03,41.33,41.76,42.8,41.2,41.76,1364100.0,57120000.0,41.32,1600,41.31,27700,41.3,19700,41.27,800,41.26,100,41.33,1000,41.34,1600,41.38,500,41.42,4300,41.48,200,HOLD
1782092109223,09:35:06,41.47,41.76,42.8,41.2,41.76,1390000.0,58200000.0,41.34,1300,41.33,100,41.32,800,41.31,27100,41.3,19700,41.47,100,41.48,200,41.49,20900,41.5,1100,41.52,26700,HOLD
1782092112224,09:35:09,41.33,41.76,42.8,41.2,41.76,1399400.0,58580000.0,41.34,100,41.33,11400,41.32,1200,41.31,26500,41.3,19700,41.47,500,41.48,400,41.49,18900,41.5,1100,41.52,26700,HOLD
1782092115226,09:35:12,41.3,41.76,42.8,41.2,41.76,1465000.0,61290000.0,41.28,200,41.25,500,41.24,300,41.23,100,41.21,700,41.3,40700,41.31,31000,41.32,255700,41.47,500,41.48,400,HOLD
1782092118227,09:35:15,41.28,41.76,42.8,41.2,41.76,1466400.0,61350000.0,41.25,500,41.24,300,41.23,100,41.21,700,41.2,1300,41.28,200,41.29,1000,41.3,38900,41.31,31000,41.32,255700,HOLD
1782092124230,09:35:21,41.21,41.76,42.8,41.2,41.76,1470000.0,61500000.0,41.22,100,41.21,600,41.2,1100,41.14,800,41.12,900,41.24,100,41.25,2300,41.28,3600,41.29,3500,41.3,38900,HOLD
1782092127236,09:35:24,41.2,41.76,42.8,41.01,41.76,1488000.0,62240000.0,41.03,200,41.02,2700,41.01,300,41.0,32500,40.99,2000,41.2,600,41.21,27600,41.22,300,41.24,100,41.25,7000,HOLD
1782092130232,09:35:27,41.2,41.76,42.8,41.01,41.76,1498800.0,62680000.0,41.03,2400,41.02,2700,41.01,300,41.0,31700,40.99,2000,41.19,1000,41.2,10900,41.21,27400,41.23,700,41.24,100,HOLD
1782092136237,09:35:33,41.03,41.76,42.8,41.0,41.76,1544500.0,64560000.0,41.05,1400,41.03,4000,41.02,300,41.01,1500,41.0,1600,41.15,1800,41.18,2300,41.19,600,41.2,13100,41.21,500,HOLD
1782092139239,09:35:36,41.15,41.76,42.8,41.0,41.76,1558200.0,65120000.0,41.03,1100,41.02,300,41.01,1500,41.0,1400,40.99,2100,41.05,100,41.16,200,41.17,500,41.19,800,41.2,13100,HOLD
1782092142241,09:35:39,41.16,41.76,42.8,41.0,41.76,1561100.0,65240000.0,41.15,5000,41.08,600,41.07,100,41.06,500,41.05,400,41.16,100,41.19,400,41.2,13400,41.21,500,41.22,19000,HOLD
1782092148242,09:35:45,41.15,41.76,42.8,41.0,41.76,1576800.0,65890000.0,41.15,1100,41.1,100,41.07,200,41.05,1800,41.04,200,41.17,100,41.18,200,41.19,400,41.2,300,41.21,500,HOLD
1782092154245,09:35:51,41.05,41.76,42.8,41.0,41.76,1597200.0,66720000.0,41.03,1100,41.01,100,41.0,1800,40.99,2300,40.98,600,41.05,19600,41.09,200,41.13,500,41.14,2700,41.15,2100,HOLD
1782092160249,09:35:57,41.02,41.76,42.8,41.0,41.76,1609200.0,67220000.0,41.01,300,41.0,14600,40.99,2100,40.98,600,40.91,200,41.02,800,41.03,12700,41.04,100,41.05,300,41.06,600,HOLD
1782092163249,09:36:00,41.08,41.76,42.8,41.0,41.76,1631800.0,68140000.0,41.08,2300,41.07,4500,41.06,2700,41.05,1000,41.03,3200,41.09,1600,41.13,500,41.14,2700,41.15,2600,41.17,400,HOLD
1782092166250,09:36:03,41.09,41.76,42.8,41.0,41.76,1663100.0,69430000.0,41.03,300,41.02,4500,41.01,100,41.0,9000,40.99,2100,41.08,200,41.1,800,41.12,100,41.13,400,41.14,2700,HOLD
1782092169252,09:36:06,41.14,41.76,42.8,41.0,41.76,1681200.0,70170000.0,41.11,500,41.1,5500,41.09,1200,41.08,300,41.05,2500,41.14,1700,41.15,2400,41.17,400,41.18,500,41.2,300,HOLD
1782092172254,09:36:09,41.17,41.76,42.8,41.0,41.76,1697300.0,70830000.0,41.17,1000,41.15,1200,41.14,100,41.13,100,41.11,200,41.18,500,41.2,300,41.22,19000,41.25,1200,41.28,3100,HOLD
1782092175256,09:36:12,41.55,41.76,42.8,41.0,41.76,2051900.0,85480000.0,41.52,100,41.51,1500,41.5,2000,41.46,100,41.45,7700,41.55,500,41.56,100,41.6,2400,41.61,100,41.63,1700,HOLD
1782092178257,09:36:15,41.65,41.76,42.8,41.0,41.76,2058300.0,85750000.0,41.68,100,41.67,1400,41.65,200,41.64,7200,41.63,12300,41.7,300,41.75,300,41.77,500,41.8,500,41.95,300,HOLD
1782092184259,09:36:21,41.6,41.76,42.8,41.0,41.76,2112600.0,88010000.0,41.59,700,41.56,5600,41.55,1000,41.53,2700,41.52,100,41.6,100,41.63,800,41.7,100,41.77,1300,41.8,500,HOLD
1782092190265,09:36:24,41.62,41.76,42.8,41.0,41.76,2115600.0,88140000.0,41.61,200,41.6,200,41.59,300,41.56,5100,41.55,1400,41.65,100,41.7,100,41.77,900,41.8,500,41.95,300,HOLD
1782092193261,09:36:30,41.56,41.76,42.8,41.0,41.76,2118400.0,88250000.0,41.61,1400,41.56,6300,41.55,1400,41.53,2400,41.52,100,41.65,1100,41.66,800,41.67,200,41.68,200,41.76,100,HOLD
1782092196262,09:36:33,41.61,41.76,42.8,41.0,41.76,2120700.0,88350000.0,41.61,300,41.6,700,41.56,7300,41.55,1400,41.53,2400,41.64,400,41.65,3000,41.66,1100,41.67,100,41.68,12900,HOLD
1782092199262,09:36:36,41.6,41.76,42.8,41.0,41.76,2121900.0,88400000.0,41.56,7300,41.55,1400,41.53,2400,41.52,100,41.51,1500,41.61,7400,41.63,100,41.64,500,41.65,1400,41.66,1100,HOLD
1782092205265,09:36:42,41.6,41.76,42.8,41.0,41.76,2133100.0,88870000.0,41.6,300,41.59,1200,41.58,600,41.57,500,41.56,8400,41.63,100,41.64,1000,41.65,1400,41.66,1100,41.67,100,HOLD
1782092208265,09:36:45,41.6,41.76,42.8,41.0,41.76,2133100.0,88870000.0,41.61,500,41.6,300,41.59,1200,41.58,700,41.57,500,41.62,100,41.63,100,41.64,1000,41.65,1400,41.66,1100,HOLD
1782092211268,09:36:48,41.59,41.76,42.8,41.0,41.76,2135300.0,88960000.0,41.59,500,41.58,700,41.57,700,41.56,9500,41.55,1000,41.61,700,41.62,100,41.63,100,41.64,1000,41.65,1400,HOLD
1782092214268,09:36:51,41.59,41.76,42.8,41.0,41.76,2135800.0,88980000.0,41.58,700,41.57,700,41.56,9500,41.55,1000,41.53,2100,41.6,5600,41.61,2600,41.62,100,41.63,800,41.64,1000,HOLD
1782092217270,09:36:54,41.58,41.76,42.8,41.0,41.76,2139200.0,89120000.0,41.56,9100,41.55,1000,41.53,2100,41.52,100,41.51,1500,41.58,1200,41.59,8000,41.6,5600,41.61,2600,41.62,100,HOLD
1782092220271,09:36:57,41.49,41.76,42.8,41.0,41.76,2154100.0,89740000.0,41.45,1200,41.37,700,41.32,100,41.3,400,41.21,1200,41.49,300,41.52,400,41.53,400,41.54,3000,41.55,2100,HOLD
1782092223271,09:37:00,41.44,41.76,42.8,41.0,41.76,2156500.0,89840000.0,41.37,700,41.32,100,41.3,400,41.23,300,41.21,1200,41.44,200,41.49,600,41.51,600,41.53,400,41.54,3000,HOLD
1782092229262,09:37:06,41.42,41.76,42.8,41.0,41.76,2160500.0,90000000.0,41.37,800,41.32,100,41.3,400,41.23,300,41.21,2000,41.42,5600,41.43,100,41.44,4000,41.45,1200,41.47,900,HOLD
1782092232263,09:37:09,41.37,41.76,42.8,41.0,41.76,2171300.0,90450000.0,41.34,100,41.33,300,41.32,500,41.3,400,41.23,300,41.42,1300,41.43,100,41.44,4000,41.45,1200,41.47,900,HOLD
1782092235263,09:37:12,41.37,41.76,42.8,41.0,41.76,2172700.0,90510000.0,41.35,100,41.34,700,41.33,300,41.32,400,41.3,400,41.36,100,41.37,4200,41.42,2400,41.44,4000,41.45,300,HOLD
1782092238265,09:37:15,41.34,41.76,42.8,41.0,41.76,2175400.0,90620000.0,41.33,100,41.3,400,41.21,2000,41.18,1200,41.17,300,41.35,200,41.37,4200,41.42,1400,41.44,4000,41.45,300,HOLD
1782092244252,09:37:21,41.31,41.76,42.8,41.0,41.76,2180000.0,90810000.0,41.24,100,41.23,300,41.22,1100,41.21,2100,41.18,1200,41.32,100,41.33,22500,41.34,1600,41.37,3500,41.39,1700,HOLD
1782092247253,09:37:24,41.28,41.76,42.8,41.0,41.76,2180300.0,90820000.0,41.28,800,41.24,100,41.22,1000,41.21,2300,41.18,1200,41.33,22400,41.34,1600,41.37,3500,41.39,1700,41.42,1300,HOLD
1782092250254,09:37:27,41.3,41.76,42.8,41.0,41.76,2180900.0,90850000.0,41.29,200,41.28,2000,41.24,100,41.22,1000,41.21,1700,41.3,400,41.31,14400,41.32,200,41.33,22500,41.34,1600,HOLD
1782092253261,09:37:30,41.29,41.76,42.8,41.0,41.76,2182600.0,90920000.0,41.24,100,41.22,1000,41.21,1700,41.18,1400,41.17,300,41.29,100,41.3,400,41.31,24300,41.32,200,41.33,22500,HOLD
1782092256257,09:37:33,41.28,41.76,42.8,41.0,41.76,2185900.0,91050000.0,41.22,700,41.21,500,41.18,1400,41.17,300,41.16,900,41.29,3400,41.3,300,41.31,24300,41.32,200,41.33,22500,HOLD
1782092259259,09:37:36,41.27,41.76,42.8,41.0,41.76,2186900.0,91100000.0,41.22,800,41.21,400,41.18,1400,41.17,300,41.16,900,41.27,600,41.28,200,41.29,1700,41.3,300,41.31,24300,HOLD
1782092262258,09:37:39,41.22,41.76,42.8,41.0,41.76,2188000.0,91140000.0,41.23,2200,41.21,400,41.18,1400,41.17,300,41.16,900,41.26,400,41.27,1000,41.28,100,41.29,1700,41.3,300,HOLD
1782092265259,09:37:42,41.22,41.76,42.8,41.0,41.76,2190300.0,91240000.0,41.21,600,41.18,1400,41.17,800,41.16,900,41.14,1900,41.22,1500,41.23,500,41.26,500,41.27,1000,41.28,100,HOLD
1782092268260,09:37:45,41.22,41.76,42.8,41.0,41.76,2192300.0,91320000.0,41.18,1400,41.17,800,41.16,900,41.14,1900,41.12,200,41.21,200,41.22,1600,41.23,500,41.26,500,41.27,3800,HOLD
1782092271262,09:37:48,41.16,41.76,42.8,41.0,41.76,2195700.0,91460000.0,41.14,1900,41.12,200,41.1,800,41.09,100,41.08,2700,41.17,200,41.2,200,41.21,100,41.22,2500,41.23,500,HOLD
1782092274262,09:37:51,41.08,41.76,42.8,41.0,41.76,2202200.0,91730000.0,41.08,200,41.07,100,41.06,500,41.05,700,41.04,300,41.18,1500,41.19,100,41.2,700,41.21,100,41.22,2400,HOLD
1782092277264,09:37:54,41.01,41.76,42.8,41.0,41.76,2208500.0,91980000.0,41.01,2100,41.0,26500,40.99,2200,40.98,1000,40.96,1800,41.07,300,41.08,1600,41.1,1000,41.18,1500,41.19,100,HOLD
1782092280264,09:37:57,41.08,41.76,42.8,41.0,41.76,2210500.0,92070000.0,41.03,100,41.02,1400,41.01,2100,41.0,26700,40.99,2200,41.04,1000,41.08,200,41.09,1600,41.1,1000,41.14,400,HOLD
1782092283264,09:38:00,41.01,41.76,42.8,41.0,41.76,2218300.0,92390000.0,41.03,300,41.02,300,41.01,100,41.0,26600,40.99,2200,41.04,200,41.08,300,41.09,1600,41.1,1000,41.14,400,HOLD
1782092286265,09:38:03,41.04,41.76,42.8,41.0,41.76,2224600.0,92650000.0,41.04,1500,41.02,200,41.01,900,41.0,25900,40.99,2200,41.08,100,41.09,1600,41.1,1000,41.14,400,41.16,300,HOLD
1782092289266,09:38:06,41.04,41.76,42.8,41.0,41.76,2229500.0,92850000.0,41.06,1100,41.05,2200,41.04,2700,41.03,200,41.02,700,41.08,700,41.12,100,41.14,100,41.18,1300,41.22,2400,HOLD
1782092292267,09:38:09,41.06,41.76,42.8,41.0,41.76,2230600.0,92890000.0,41.07,100,41.06,900,41.05,2200,41.04,2200,41.03,200,41.08,700,41.12,100,41.14,100,41.18,1300,41.22,2400,HOLD
1782092295269,09:38:12,41.05,41.76,42.8,41.0,41.76,2232500.0,92970000.0,41.05,1400,41.04,2200,41.03,200,41.02,2700,41.01,1800,41.07,100,41.08,1200,41.12,100,41.14,100,41.18,1300,HOLD
1782092298269,09:38:15,41.06,41.76,42.8,41.0,41.76,2235200.0,93080000.0,41.05,1100,41.04,2900,41.03,200,41.02,2600,41.01,2800,41.06,2100,41.07,1700,41.08,1000,41.12,100,41.14,100,HOLD
1782092301271,09:38:18,41.04,41.76,42.8,41.0,41.76,2243800.0,93430000.0,41.05,2000,41.03,200,41.02,2600,41.01,3500,41.0,27400,41.06,600,41.07,1700,41.08,1000,41.12,100,41.14,100,HOLD
1782092304274,09:38:21,41.05,41.76,42.8,41.0,41.76,2249800.0,93680000.0,41.05,2600,41.04,100,41.03,800,41.02,2600,41.01,3500,41.08,400,41.11,200,41.12,100,41.14,100,41.18,1300,HOLD
1782092310277,09:38:27,41.22,41.76,42.8,41.0,41.76,2281800.0,95000000.0,41.1,1700,41.08,400,41.04,2300,41.03,800,41.02,2600,41.21,2000,41.22,4100,41.25,800,41.26,400,41.28,100,HOLD
1782092313281,09:38:30,41.21,41.76,42.8,41.0,41.76,2284500.0,95110000.0,41.16,400,41.11,100,41.1,1600,41.08,1400,41.06,200,41.21,1400,41.22,2200,41.26,400,41.28,100,41.29,700,HOLD
1782092316278,09:38:33,41.16,41.76,42.8,41.0,41.76,2286400.0,95190000.0,41.11,600,41.1,1600,41.08,1400,41.06,200,41.05,100,41.16,700,41.2,200,41.21,1600,41.22,1500,41.26,400,HOLD
1782092319281,09:38:36,41.12,41.76,42.8,41.0,41.76,2287200.0,95220000.0,41.14,100,41.12,300,41.11,800,41.1,1600,41.08,1400,41.2,200,41.21,1600,41.22,1500,41.26,400,41.28,100,HOLD
1782092322281,09:38:39,41.2,41.76,42.8,41.0,41.76,2287300.0,95220000.0,41.2,200,41.16,500,41.14,300,41.12,300,41.11,800,41.21,1600,41.22,1500,41.25,1400,41.26,400,41.28,100,HOLD
1782092325284,09:38:42,41.16,41.76,42.8,41.0,41.76,2288300.0,95260000.0,41.16,400,41.14,300,41.12,400,41.11,800,41.1,1700,41.21,1400,41.22,1500,41.25,1400,41.26,400,41.28,100,HOLD
1782092331284,09:38:48,41.2,41.76,42.8,41.0,41.76,2288500.0,95270000.0,41.17,1000,41.16,1200,41.15,100,41.14,300,41.12,400,41.2,15800,41.21,1400,41.22,1500,41.25,1400,41.26,400,HOLD
1782092337287,09:38:54,41.17,41.76,42.8,41.0,41.76,2291800.0,95410000.0,41.16,2200,41.15,100,41.14,300,41.12,400,41.11,800,41.17,900,41.2,15200,41.21,1400,41.22,1700,41.23,700,HOLD
1782092340288,09:38:57,41.2,41.76,42.8,41.0,41.76,2292900.0,95450000.0,41.16,2100,41.15,100,41.14,300,41.12,400,41.11,800,41.17,200,41.2,15100,41.21,1200,41.22,1700,41.23,700,HOLD
1782092343289,09:39:00,41.16,41.76,42.8,41.0,41.76,2295300.0,95550000.0,41.15,100,41.14,100,41.12,400,41.11,800,41.1,2000,41.16,1000,41.18,600,41.2,15100,41.21,1300,41.22,1700,HOLD
1782092346291,09:39:03,41.13,41.76,42.8,41.0,41.76,2297200.0,95630000.0,41.11,300,41.1,2100,41.08,1400,41.07,300,41.06,200,41.13,400,41.14,700,41.15,200,41.16,700,41.18,600,HOLD
1782092349293,09:39:06,41.11,41.76,42.8,41.0,41.76,2297300.0,95630000.0,41.11,200,41.1,2100,41.08,1000,41.07,300,41.06,200,41.12,100,41.13,1100,41.15,200,41.16,700,41.18,600,HOLD
1782092352293,09:39:09,41.13,41.76,42.8,41.0,41.76,2298500.0,95680000.0,41.12,400,41.11,200,41.1,2100,41.08,1000,41.07,500,41.15,300,41.16,700,41.18,600,41.2,5100,41.21,1300,HOLD
1782092355293,09:39:12,41.22,41.76,42.8,41.0,41.76,2329000.0,96940000.0,41.12,2600,41.11,300,41.09,200,41.08,1300,41.07,15300,41.24,1800,41.25,1400,41.31,14400,41.33,22400,41.35,2800,HOLD
1782092358296,09:39:15,41.22,41.76,42.8,41.0,41.76,2329000.0,96940000.0,41.22,1000,41.15,200,41.14,300,41.13,4100,41.12,2600,41.24,2400,41.25,1400,41.31,14400,41.33,22400,41.35,2800,HOLD
1782092361296,09:39:18,41.22,41.76,42.8,41.0,41.76,2341900.0,97470000.0,41.12,1700,41.11,10800,41.1,100,41.09,200,41.08,900,41.22,500,41.24,300,41.25,1400,41.31,14400,41.33,22400,HOLD
1782092364297,09:39:21,41.22,41.76,42.8,41.0,41.76,2342400.0,97490000.0,41.18,300,41.14,200,41.13,200,41.11,7900,41.1,100,41.22,100,41.24,300,41.25,1400,41.31,14400,41.33,22400,HOLD
1782092367299,09:39:24,41.22,41.76,42.8,41.0,41.76,2347400.0,97700000.0,41.14,500,41.13,2900,41.12,15100,41.11,2800,41.1,100,41.22,3000,41.24,2100,41.25,1300,41.31,14400,41.33,22400,HOLD
1782092370299,09:39:27,41.22,41.76,42.8,41.0,41.76,2348400.0,97740000.0,41.14,600,41.13,2900,41.12,8500,41.11,4800,41.1,100,41.22,2900,41.24,2100,41.25,1300,41.31,14400,41.33,22400,HOLD
1782092373304,09:39:30,41.22,41.76,42.8,41.0,41.76,2355300.0,98020000.0,41.15,700,41.14,10500,41.13,2300,41.12,5400,41.11,4600,41.22,1100,41.24,2100,41.25,1300,41.31,14400,41.33,22400,HOLD
1782092376302,09:39:33,41.21,41.76,42.8,41.0,41.76,2356800.0,98080000.0,41.2,2000,41.18,200,41.16,400,41.15,700,41.14,10300,41.21,1100,41.22,1100,41.24,2100,41.25,1300,41.31,14400,HOLD
1782092379303,09:39:36,41.14,41.76,42.8,41.0,41.76,2371600.0,98690000.0,41.14,6800,41.13,200,41.12,5300,41.11,4600,41.1,400,41.22,1300,41.24,2100,41.25,1300,41.31,14400,41.33,22400,HOLD
1782092382305,09:39:39,41.22,41.76,42.8,41.0,41.76,2373800.0,98780000.0,41.18,200,41.14,6800,41.13,200,41.12,3700,41.11,4600,41.24,2100,41.25,1300,41.31,14400,41.33,22400,41.35,2800,HOLD
1782092388307,09:39:45,41.22,41.76,42.8,41.0,41.76,2376000.0,98870000.0,41.22,200,41.18,100,41.15,200,41.14,6800,41.13,300,41.24,2100,41.25,1300,41.31,14400,41.33,22400,41.35,2800,HOLD
1782092394310,09:39:48,41.18,41.76,42.8,41.0,41.76,2382200.0,99130000.0,41.18,500,41.15,200,41.14,7700,41.13,300,41.12,3000,41.22,100,41.23,200,41.24,2600,41.25,1300,41.31,14400,HOLD
1782092397313,09:39:54,41.18,41.76,42.8,41.0,41.76,2383700.0,99190000.0,41.16,100,41.15,400,41.14,9700,41.13,1200,41.12,3000,41.21,500,41.22,11600,41.23,700,41.24,2600,41.25,2000,HOLD
1782092400312,09:39:57,41.22,41.76,42.8,41.0,41.76,2385000.0,99240000.0,41.18,3000,41.16,2600,41.15,400,41.14,9900,41.13,1200,41.22,11400,41.23,600,41.24,2600,41.25,2000,41.31,14400,HOLD
1782092403315,09:40:00,41.25,41.76,42.8,41.0,41.76,2405500.0,100090000.0,41.24,1600,41.23,200,41.22,600,41.21,100,41.2,2700,41.25,600,41.31,14400,41.33,22400,41.35,2800,41.37,3200,HOLD
1782092406319,09:40:03,41.24,41.76,42.8,41.0,41.76,2408100.0,100200000.0,41.24,400,41.22,1000,41.21,100,41.18,4400,41.16,3000,41.25,8800,41.27,8300,41.31,14300,41.33,22400,41.35,2800,HOLD
1782092409321,09:40:06,41.22,41.76,42.8,41.0,41.76,2411700.0,100340000.0,41.19,200,41.18,4300,41.16,3000,41.15,2400,41.14,9900,41.22,2500,41.23,1500,41.25,8300,41.27,4200,41.31,14300,HOLD
1782092412322,09:40:09,41.18,41.76,42.8,41.0,41.76,2413400.0,100410000.0,41.18,3600,41.16,3000,41.15,2400,41.14,9900,41.13,1100,41.19,500,41.21,200,41.22,2500,41.23,1500,41.24,1700,HOLD
1782092415322,09:40:12,41.21,41.76,42.8,41.0,41.76,2417200.0,100570000.0,41.18,1500,41.17,100,41.16,3000,41.15,2600,41.14,8900,41.19,500,41.21,700,41.22,2500,41.23,200,41.24,1700,HOLD
1782092421323,09:40:18,41.21,41.76,42.8,41.0,41.76,2423900.0,100850000.0,41.21,400,41.2,500,41.19,3100,41.18,800,41.17,1800,41.22,600,41.24,200,41.25,7900,41.27,4200,41.31,14300,HOLD
1782092424328,09:40:21,41.19,41.76,42.8,41.0,41.76,2426500.0,100950000.0,41.19,5300,41.18,1000,41.17,1800,41.16,3000,41.15,2500,41.21,1300,41.22,600,41.24,200,41.25,9400,41.27,4200,HOLD
1782092427330,09:40:24,41.21,41.76,42.8,41.0,41.76,2430600.0,101120000.0,41.21,1200,41.19,4800,41.18,1200,41.17,1800,41.16,3200,41.24,200,41.25,9400,41.27,4200,41.31,14300,41.33,22400,HOLD
1782092430331,09:40:27,41.5,41.76,42.8,41.0,41.76,2488600.0,103520000.0,41.45,500,41.42,1900,41.37,1900,41.35,3700,41.33,1000,41.5,13800,41.51,600,41.58,1000,41.59,7900,41.6,6700,HOLD
1782092433357,09:40:30,41.49,41.76,42.8,41.0,41.76,2527400.0,105120000.0,41.49,300,41.45,4800,41.44,900,41.41,2400,41.34,100,41.5,13800,41.51,600,41.58,1000,41.59,7900,41.6,6700,HOLD
1782092436332,09:40:33,41.46,41.76,42.8,41.0,41.76,2528400.0,105160000.0,41.46,200,41.45,5200,41.44,900,41.43,200,41.41,2400,41.49,100,41.5,13800,41.51,600,41.58,1000,41.59,7900,HOLD
1782092439334,09:40:36,41.5,41.76,42.8,41.0,41.76,2529700.0,105220000.0,41.46,3800,41.45,5300,41.44,900,41.41,2600,41.34,100,41.49,2000,41.5,13100,41.51,600,41.58,1000,41.59,7900,HOLD
1782092442335,09:40:39,41.46,41.76,42.8,41.0,41.76,2530300.0,105240000.0,41.46,3700,41.45,5300,41.44,900,41.41,2600,41.34,100,41.48,3500,41.49,1600,41.5,13100,41.51,600,41.58,1000,HOLD
1782092445336,09:40:42,41.46,41.76,42.8,41.0,41.76,2531100.0,105280000.0,41.46,3200,41.45,5300,41.44,900,41.41,2600,41.34,100,41.47,100,41.48,3200,41.49,1600,41.5,13000,41.51,600,HOLD
1782092448338,09:40:45,41.48,41.76,42.8,41.0,41.76,2532400.0,105330000.0,41.46,2600,41.45,5300,41.44,900,41.41,200,41.34,100,41.48,3300,41.49,2700,41.5,12900,41.51,600,41.58,1000,HOLD
1782092451338,09:40:48,41.44,41.76,42.8,41.0,41.76,2541600.0,105710000.0,41.35,2700,41.34,300,41.33,17800,41.25,2500,41.24,500,41.41,500,41.45,1000,41.46,300,41.48,3100,41.49,6300,HOLD
1782092454341,09:40:51,41.41,41.76,42.8,41.0,41.76,2541800.0,105720000.0,41.38,700,41.35,2700,41.34,300,41.33,17800,41.25,2500,41.41,300,41.45,900,41.46,1000,41.48,3100,41.49,6300,HOLD
1782092457342,09:40:54,41.46,41.76,42.8,41.0,41.76,2544000.0,105810000.0,41.42,1600,41.41,500,41.38,800,41.35,2700,41.34,100,41.46,200,41.48,3100,41.49,6300,41.5,12900,41.51,600,HOLD
1782092460343,09:40:57,41.43,41.76,42.8,41.0,41.76,2544900.0,105850000.0,41.42,1600,41.41,500,41.4,100,41.38,600,41.35,2700,41.45,100,41.46,200,41.48,3700,41.49,6300,41.5,12900,HOLD
1782092463345,09:41:00,41.35,41.76,42.8,41.0,41.76,2551500.0,106120000.0,41.35,1700,41.34,100,41.33,16000,41.25,2500,41.24,500,41.42,100,41.46,800,41.47,1200,41.48,3700,41.49,6300,HOLD
1782092469348,09:41:06,41.26,41.76,42.8,41.0,41.76,2562600.0,106580000.0,41.26,1000,41.25,3200,41.24,600,41.22,1000,41.21,49100,41.32,3400,41.33,400,41.35,300,41.37,400,41.4,2000,HOLD
1782092472349,09:41:09,41.15,41.76,42.8,41.0,41.76,2632000.0,109440000.0,41.15,1100,41.14,4800,41.12,2000,41.11,400,41.1,24200,41.16,2400,41.17,2300,41.18,700,41.19,16900,41.2,4000,HOLD
1782092475349,09:41:12,41.1,41.76,42.8,41.0,41.76,2664600.0,110780000.0,41.08,500,41.07,400,41.06,300,41.05,700,41.04,1700,41.09,200,41.1,1500,41.12,200,41.13,2700,41.15,3900,HOLD
1782092478351,09:41:15,41.06,41.76,42.8,41.0,41.76,2676000.0,111250000.0,41.06,100,41.05,600,41.04,1700,41.03,1200,41.02,1400,41.15,1000,41.16,2000,41.17,7900,41.19,12800,41.2,4000,HOLD
1782092481352,09:41:18,41.08,41.76,42.8,41.0,41.76,2676200.0,111260000.0,41.06,3600,41.05,600,41.04,1700,41.03,1200,41.02,1400,41.08,300,41.09,500,41.15,1000,41.16,2000,41.17,7900,HOLD
1782092484354,09:41:21,41.08,41.76,42.8,41.0,41.76,2678700.0,111360000.0,41.07,3100,41.06,3800,41.05,600,41.04,1700,41.03,1200,41.09,300,41.15,1000,41.16,2000,41.17,7900,41.19,12800,HOLD
1782092487358,09:41:24,41.11,41.76,42.8,41.0,41.76,2684300.0,111590000.0,41.11,1700,41.1,3700,41.09,400,41.08,61000,41.07,2600,41.14,100,41.15,900,41.16,2000,41.17,7900,41.19,12800,HOLD
1782092490357,09:41:27,41.12,41.76,42.8,41.0,41.76,2687100.0,111710000.0,41.12,600,41.11,3000,41.1,3500,41.09,400,41.08,62400,41.16,1900,41.17,7900,41.19,12800,41.2,4000,41.23,1300,HOLD
1782092493362,09:41:30,41.14,41.76,42.8,41.0,41.76,2687500.0,111720000.0,41.14,500,41.12,2800,41.11,3100,41.1,3700,41.08,62400,41.16,1100,41.17,7900,41.19,12800,41.2,4000,41.23,1300,HOLD
1782092496359,09:41:33,41.14,41.76,42.8,41.0,41.76,2688700.0,111770000.0,41.14,2900,41.12,2800,41.11,3100,41.1,4700,41.09,600,41.15,3300,41.16,4300,41.17,7900,41.2,4000,41.23,1300,HOLD
1782092499361,09:41:36,41.15,41.76,42.8,41.0,41.76,2692600.0,111930000.0,41.14,1400,41.13,200,41.12,2800,41.11,3100,41.1,4800,41.15,2400,41.16,4300,41.17,7900,41.2,4000,41.23,1300,HOLD
1782092502362,09:41:39,41.12,41.76,42.8,41.0,41.76,2699100.0,112200000.0,41.11,3100,41.1,4800,41.09,900,41.08,62400,41.07,3200,41.12,7000,41.15,2400,41.16,4300,41.17,8600,41.2,4000,HOLD
1782092505362,09:41:42,41.12,41.76,42.8,41.0,41.76,2703000.0,112360000.0,41.11,200,41.1,3600,41.09,1000,41.08,62400,41.07,3200,41.12,6100,41.14,100,41.15,2400,41.16,4300,41.17,8600,HOLD
1782092508364,09:41:45,41.09,41.76,42.8,41.0,41.76,2707000.0,112520000.0,41.09,700,41.08,62400,41.07,3200,41.06,2200,41.05,300,41.1,1000,41.11,9400,41.12,6100,41.14,1100,41.15,2400,HOLD
1782092511364,09:41:48,41.09,41.76,42.8,41.0,41.76,2707800.0,112560000.0,41.09,400,41.08,62500,41.07,2300,41.06,2200,41.05,300,41.1,600,41.11,9700,41.12,6100,41.14,1100,41.15,2400,HOLD
1782092514365,09:41:51,41.09,41.76,42.8,41.0,41.76,2710300.0,112660000.0,41.08,63100,41.07,3600,41.06,2200,41.05,300,41.04,1700,41.09,300,41.11,8900,41.12,6100,41.13,100,41.14,1100,HOLD
1782092517366,09:41:54,41.15,41.76,42.8,41.0,41.76,2728900.0,113420000.0,41.11,2200,41.1,1200,41.09,200,41.08,63100,41.07,3600,41.15,800,41.16,4300,41.17,7900,41.2,4000,41.23,1300,HOLD
1782092520368,09:41:57,41.08,41.76,42.8,41.0,41.76,2738500.0,113820000.0,41.08,63000,41.07,3600,41.06,2000,41.05,300,41.04,1700,41.13,17000,41.16,3200,41.17,7900,41.23,1300,41.3,200,HOLD
1782092523368,09:42:00,41.13,41.76,42.8,41.0,41.76,2739600.0,113860000.0,41.09,900,41.08,63900,41.07,3600,41.06,2000,41.05,300,41.13,15900,41.16,3600,41.17,7900,41.23,1300,41.3,200,HOLD
1782092526369,09:42:03,41.13,41.76,42.8,41.0,41.76,2742500.0,113980000.0,41.09,1500,41.08,64900,41.07,3600,41.06,2000,41.05,300,41.13,14500,41.15,100,41.16,3600,41.17,7900,41.23,3300,HOLD
1782092529372,09:42:06,41.13,41.76,42.8,41.0,41.76,2766800.0,114980000.0,41.11,100,41.1,100,41.09,400,41.08,62900,41.07,3600,41.13,7100,41.15,100,41.16,3200,41.17,7900,41.23,3300,HOLD
1782092535375,09:42:12,41.17,41.76,42.8,41.0,41.76,2782000.0,115610000.0,41.16,100,41.13,2400,41.12,100,41.11,500,41.09,1100,41.17,7500,41.22,2700,41.23,3300,41.3,200,41.45,100,HOLD
1782092538376,09:42:15,41.16,41.76,42.8,41.0,41.76,2785100.0,115740000.0,41.14,200,41.13,2100,41.12,100,41.11,500,41.09,1600,41.17,6700,41.22,2700,41.23,3300,41.3,200,41.45,100,HOLD
1782092541377,09:42:18,41.14,41.76,42.8,41.0,41.76,2788300.0,115870000.0,41.15,300,41.14,1100,41.13,1600,41.12,200,41.11,500,41.17,3800,41.22,2700,41.23,3300,41.3,200,41.45,100,HOLD
1782092544380,09:42:21,41.08,41.76,42.8,41.0,41.76,2807100.0,116640000.0,41.14,2500,41.09,300,41.08,62200,41.07,4100,41.06,2000,41.21,300,41.22,2900,41.23,3300,41.3,200,41.45,100,HOLD
1782092547381,09:42:24,41.17,41.76,42.8,41.0,41.76,2810800.0,116790000.0,41.17,400,41.16,500,41.14,2900,41.09,300,41.08,62200,41.21,300,41.22,2900,41.23,3300,41.3,200,41.45,100,HOLD
1782092550381,09:42:27,41.37,41.76,42.8,41.0,41.76,2834500.0,117770000.0,41.31,200,41.3,1200,41.24,1400,41.2,2900,41.19,200,41.44,1600,41.45,200,41.46,400,41.47,200,41.49,5600,HOLD
1782092553389,09:42:30,41.31,41.76,42.8,41.0,41.76,2836600.0,117860000.0,41.37,2500,41.31,7100,41.3,1200,41.24,1400,41.2,2900,41.43,100,41.45,200,41.46,400,41.47,200,41.49,5600,HOLD
1782092556385,09:42:33,41.37,41.76,42.8,41.0,41.76,2836900.0,117870000.0,41.44,100,41.37,2200,41.31,7100,41.3,1200,41.24,1400,41.45,200,41.46,400,41.47,200,41.49,5600,41.5,28100,HOLD
1782092559389,09:42:36,41.38,41.76,42.8,41.0,41.76,2837500.0,117900000.0,41.41,900,41.39,100,41.38,2300,41.37,1800,41.31,7100,41.45,200,41.46,400,41.47,200,41.49,5600,41.5,28100,HOLD
1782092562390,09:42:39,41.44,41.76,42.8,41.0,41.76,2839100.0,117960000.0,41.42,100,41.41,1000,41.39,100,41.38,2300,41.37,1800,41.47,300,41.48,2000,41.49,5600,41.5,28100,41.51,600,HOLD
1782092565440,09:42:42,41.42,41.76,42.8,41.0,41.76,2839500.0,117980000.0,41.41,1000,41.39,100,41.38,2300,41.37,1300,41.31,7100,41.47,600,41.48,2800,41.49,5600,41.5,28100,41.51,600,HOLD
1782092568392,09:42:45,41.38,41.76,42.8,41.0,41.76,2840900.0,118040000.0,41.38,1900,41.37,500,41.31,7100,41.3,300,41.19,200,41.39,100,41.41,8600,41.45,600,41.47,600,41.48,2800,HOLD
1782092571393,09:42:48,41.31,41.76,42.8,41.0,41.76,2846000.0,118250000.0,41.31,5800,41.3,300,41.21,300,41.19,200,41.15,4400,41.37,300,41.38,2800,41.39,2100,41.4,1200,41.41,13300,HOLD
1782092577394,09:42:54,41.38,41.76,42.8,41.0,41.76,2847700.0,118320000.0,41.32,400,41.31,2400,41.3,300,41.21,300,41.19,200,41.36,100,41.37,1500,41.38,2200,41.39,1100,41.4,1200,HOLD
1782092580396,09:42:57,41.32,41.76,42.8,41.0,41.76,2850000.0,118410000.0,41.31,1500,41.3,300,41.21,300,41.19,200,41.16,300,41.32,4700,41.35,100,41.36,100,41.37,1500,41.38,2200,HOLD
1782092583398,09:43:00,41.31,41.76,42.8,41.0,41.76,2867700.0,119140000.0,41.3,2800,41.28,100,41.27,500,41.21,300,41.19,200,41.31,40000,41.37,1500,41.38,1100,41.39,1100,41.4,1200,HOLD
1782092586397,09:43:03,41.37,41.76,42.8,41.0,41.76,2909200.0,120860000.0,41.36,200,41.31,12900,41.3,5600,41.28,100,41.27,500,41.37,1200,41.38,1100,41.39,100,41.4,1200,41.41,13300,HOLD
1782092589398,09:43:06,41.39,41.76,42.8,41.0,41.76,2911300.0,120940000.0,41.39,400,41.37,1200,41.36,300,41.31,13200,41.3,5100,41.4,700,41.41,13300,41.42,200,41.44,400,41.45,600,HOLD
1782092592400,09:43:09,41.4,41.76,42.8,41.0,41.76,2911900.0,120970000.0,41.39,100,41.37,1200,41.36,400,41.31,2900,41.3,5100,41.4,300,41.41,13300,41.42,200,41.44,400,41.45,600,HOLD
1782092595401,09:43:12,41.39,41.76,42.8,41.0,41.76,2915500.0,121120000.0,41.37,800,41.36,200,41.31,1800,41.3,5500,41.28,100,41.39,1400,41.4,400,41.41,13300,41.42,200,41.44,400,HOLD
1782092598401,09:43:15,41.4,41.76,42.8,41.0,41.76,2917500.0,121200000.0,41.39,100,41.38,100,41.36,200,41.31,1800,41.3,5500,41.41,13300,41.42,200,41.44,400,41.45,600,41.47,500,HOLD
1782092601401,09:43:18,41.39,41.76,42.8,41.0,41.76,2918500.0,121240000.0,41.38,500,41.36,200,41.31,1800,41.3,5500,41.28,100,41.39,800,41.41,13300,41.42,200,41.44,400,41.45,600,HOLD
1782092604403,09:43:21,41.39,41.76,42.8,41.0,41.76,2918700.0,121250000.0,41.38,500,41.36,200,41.3,5800,41.28,100,41.27,500,41.39,700,41.41,14000,41.42,200,41.44,400,41.45,600,HOLD
1782092607405,09:43:24,41.38,41.76,42.8,41.0,41.76,2919700.0,121290000.0,41.38,500,41.36,200,41.3,5800,41.28,100,41.27,500,41.39,300,41.4,100,41.41,14000,41.42,200,41.44,400,HOLD
1782092610406,09:43:27,41.37,41.76,42.8,41.0,41.76,2920300.0,121320000.0,41.37,100,41.36,400,41.3,5800,41.28,100,41.27,500,41.38,4200,41.39,300,41.4,100,41.41,14000,41.42,200,HOLD
1782092613410,09:43:30,41.38,41.76,42.8,41.0,41.76,2922200.0,121400000.0,41.36,200,41.3,5800,41.28,100,41.27,500,41.23,1000,41.38,3700,41.39,300,41.4,100,41.41,14000,41.42,200,HOLD
1782092616407,09:43:33,41.3,41.76,42.8,41.0,41.76,2923800.0,121460000.0,41.3,4400,41.28,100,41.27,500,41.23,1000,41.21,1000,41.34,400,41.35,1000,41.36,200,41.37,500,41.38,3700,HOLD
1782092619408,09:43:36,41.3,41.76,42.8,41.0,41.76,2925300.0,121520000.0,41.31,200,41.3,3300,41.28,100,41.27,500,41.23,1000,41.34,200,41.35,1100,41.36,1000,41.37,600,41.38,3700,HOLD
1782092622408,09:43:39,41.27,41.76,42.8,41.0,41.76,2930600.0,121740000.0,41.23,1000,41.21,1000,41.18,100,41.16,200,41.15,4400,41.29,26000,41.3,1200,41.33,500,41.34,500,41.35,100,HOLD
1782092625409,09:43:42,41.29,41.76,42.8,41.0,41.76,2930700.0,121750000.0,41.24,300,41.23,4400,41.21,1000,41.18,100,41.16,200,41.29,26400,41.3,1200,41.33,500,41.34,500,41.36,1000,HOLD
1782092628411,09:43:45,41.24,41.76,42.8,41.0,41.76,2930900.0,121760000.0,41.24,1000,41.23,4400,41.21,1000,41.18,4500,41.16,200,41.28,1500,41.29,26400,41.31,2400,41.33,500,41.34,500,HOLD
1782092631412,09:43:48,41.24,41.76,42.8,41.0,41.76,2931400.0,121780000.0,41.24,700,41.23,4500,41.21,1000,41.18,4500,41.16,200,41.28,1500,41.29,26400,41.31,2400,41.33,500,41.34,500,HOLD
1782092634414,09:43:51,41.24,41.76,42.8,41.0,41.76,2933800.0,121880000.0,41.24,100,41.23,4500,41.21,1000,41.18,4500,41.16,200,41.28,1400,41.29,26400,41.31,2400,41.34,500,41.36,1000,HOLD
1782092637415,09:43:54,41.28,41.76,42.8,41.0,41.76,2939100.0,122090000.0,41.28,1800,41.23,4500,41.21,1000,41.18,4500,41.16,200,41.29,26400,41.31,2400,41.34,500,41.36,1000,41.37,600,HOLD
1782092640416,09:43:57,41.33,41.76,42.8,41.0,41.76,2968100.0,123290000.0,41.31,500,41.3,900,41.29,700,41.28,3700,41.24,55000,41.33,100,41.34,500,41.35,200,41.36,1000,41.37,600,HOLD
1782092643417,09:44:00,41.36,41.76,42.8,41.0,41.76,2969300.0,123340000.0,41.35,800,41.34,2400,41.33,200,41.32,2400,41.31,1500,41.36,500,41.38,3600,41.39,200,41.4,600,41.41,11000,HOLD
1782092646416,09:44:03,41.38,41.76,42.8,41.0,41.76,2971300.0,123420000.0,41.37,900,41.36,4200,41.35,800,41.34,2400,41.33,400,41.38,2100,41.39,200,41.4,600,41.41,11000,41.42,400,HOLD
1782092649418,09:44:06,41.42,41.76,42.8,41.0,41.76,2986600.0,124060000.0,41.42,600,41.41,2100,41.4,1300,41.39,900,41.38,900,41.45,3600,41.47,500,41.49,5600,41.5,28300,41.51,600,HOLD
1782092652420,09:44:09,41.45,41.76,42.8,41.0,41.76,2997700.0,124510000.0,41.42,1000,41.38,500,41.37,6400,41.36,2200,41.35,800,41.47,700,41.48,700,41.49,5600,41.5,28300,41.51,600,HOLD
1782092655421,09:44:12,41.45,41.76,42.8,41.0,41.76,2997900.0,124520000.0,41.43,200,41.42,1000,41.41,700,41.38,500,41.37,3200,41.47,800,41.48,700,41.49,6500,41.5,28300,41.51,600,HOLD
1782092658421,09:44:15,41.45,41.76,42.8,41.0,41.76,2997900.0,124520000.0,41.43,200,41.42,400,41.41,700,41.38,500,41.37,1200,41.47,800,41.48,700,41.49,6500,41.5,28300,41.51,600,HOLD
1782092661423,09:44:18,41.47,41.76,42.8,41.0,41.76,3001300.0,124660000.0,41.46,100,41.45,100,41.44,300,41.43,200,41.41,700,41.48,100,41.49,6500,41.5,28300,41.51,600,41.58,1800,HOLD
1782092664424,09:44:21,41.48,41.76,42.8,41.0,41.76,3003900.0,124770000.0,41.48,500,41.45,300,41.44,300,41.43,200,41.38,500,41.49,6100,41.5,28300,41.51,600,41.58,1800,41.59,100,HOLD
1782092667426,09:44:24,41.49,41.76,42.8,41.0,41.76,3006800.0,124890000.0,41.45,300,41.44,300,41.43,200,41.38,500,41.37,1100,41.49,5200,41.5,28300,41.51,600,41.58,1800,41.59,100,HOLD
1782092670427,09:44:27,41.45,41.76,42.8,41.0,41.76,3007600.0,124930000.0,41.45,100,41.44,300,41.43,200,41.4,10000,41.38,500,41.49,4600,41.5,28300,41.51,600,41.58,1800,41.59,100,HOLD
1782092673432,09:44:30,41.49,41.76,42.8,41.0,41.76,3008700.0,124970000.0,41.44,300,41.43,900,41.4,10000,41.38,500,41.37,1100,41.49,3900,41.5,28300,41.51,600,41.58,1800,41.59,100,HOLD
1782092676428,09:44:33,41.49,41.76,42.8,41.0,41.76,3015600.0,125260000.0,41.46,100,41.45,100,41.4,6900,41.38,500,41.37,1100,41.48,1000,41.49,1900,41.5,28300,41.51,600,41.58,1800,HOLD
1782092679430,09:44:36,41.46,41.76,42.8,41.0,41.76,3016300.0,125290000.0,41.45,100,41.4,6900,41.38,500,41.37,1100,41.36,700,41.46,600,41.47,100,41.48,1500,41.49,1900,41.5,31600,HOLD
1782092682432,09:44:39,41.46,41.76,42.8,41.0,41.76,3017100.0,125320000.0,41.4,6700,41.38,500,41.37,1100,41.36,700,41.34,600,41.46,500,41.47,100,41.48,500,41.49,3800,41.5,31600,HOLD
1782092685433,09:44:42,41.58,41.76,42.8,41.0,41.76,3060700.0,127130000.0,41.58,1100,41.57,500,41.56,100,41.53,1200,41.51,7800,41.6,7000,41.61,300,41.63,100,41.64,300,41.65,1000,HOLD
1782092688433,09:44:45,41.6,41.76,42.8,41.0,41.76,3066400.0,127370000.0,41.59,200,41.58,1100,41.57,500,41.56,100,41.53,1200,41.6,2300,41.61,300,41.63,100,41.64,300,41.65,1000,HOLD
1782092691434,09:44:48,41.65,41.76,42.8,41.0,41.76,3070500.0,127540000.0,41.61,1800,41.59,200,41.58,1100,41.57,500,41.56,100,41.65,400,41.66,800,41.67,100,41.68,200,41.7,1100,HOLD
1782092697423,09:44:54,41.7,41.76,42.8,41.0,41.76,3079100.0,127900000.0,41.7,100,41.68,100,41.67,2100,41.65,200,41.62,300,41.72,300,41.74,600,41.75,400,41.76,100,41.77,100,HOLD
1782092700422,09:44:57,41.74,41.76,42.8,41.0,41.76,3080100.0,127940000.0,41.71,600,41.7,100,41.68,100,41.67,2100,41.65,300,41.74,800,41.75,400,41.76,100,41.77,100,41.8,2100,HOLD
1782092703424,09:45:00,41.7,41.76,42.8,41.0,41.76,3086300.0,128200000.0,41.66,1100,41.63,2000,41.59,300,41.58,200,41.57,100,41.7,100,41.74,1000,41.75,900,41.76,100,41.77,100,HOLD
1782092706424,09:45:03,41.66,41.76,42.8,41.0,41.76,3087700.0,128250000.0,41.64,100,41.63,2000,41.59,300,41.57,100,41.54,500,41.66,200,41.69,600,41.7,100,41.74,1000,41.75,900,HOLD
1782092709427,09:45:06,41.65,41.76,42.8,41.0,41.76,3089700.0,128340000.0,41.63,1100,41.59,300,41.57,100,41.54,500,41.51,200,41.66,200,41.69,300,41.7,1100,41.74,7100,41.75,900,HOLD
1782092712428,09:45:09,41.65,41.76,42.8,41.0,41.76,3092700.0,128460000.0,41.58,500,41.51,1100,41.5,14200,41.47,200,41.46,54800,41.64,100,41.66,300,41.69,700,41.7,1100,41.73,200,HOLD
1782092715428,09:45:12,41.65,41.76,42.8,41.0,41.76,3093600.0,128500000.0,41.62,1100,41.59,600,41.58,2100,41.51,1100,41.5,14300,41.66,200,41.69,700,41.7,1100,41.73,200,41.74,6200,HOLD
1782092721430,09:45:18,41.8,41.76,42.8,41.0,41.76,3108300.0,129110000.0,41.8,500,41.78,400,41.77,700,41.75,3300,41.74,1000,41.85,200,41.87,500,41.9,200,41.93,500,41.95,300,HOLD
1782092724431,09:45:21,41.85,41.76,42.8,41.0,41.76,3109100.0,129150000.0,41.8,600,41.78,400,41.77,200,41.75,6000,41.72,800,41.85,100,41.87,500,41.9,200,41.93,500,41.95,300,HOLD
1782092727432,09:45:24,41.91,41.76,42.8,41.0,41.76,3130100.0,130030000.0,41.9,2900,41.86,4900,41.85,700,41.8,900,41.78,400,41.98,400,42.0,7300,42.01,20200,42.02,400,42.05,500,HOLD
1782092730433,09:45:27,41.92,41.76,42.8,41.0,41.76,3130500.0,130040000.0,41.92,200,41.91,100,41.9,3000,41.86,4900,41.85,1600,41.97,100,41.98,700,41.99,100,42.0,3700,42.01,20200,HOLD
1782092733463,09:45:30,41.95,41.76,42.8,41.0,41.76,3131200.0,130070000.0,41.92,2400,41.91,100,41.9,2800,41.86,4900,41.85,1200,41.95,100,41.96,100,41.97,200,41.98,700,41.99,100,HOLD
1782092736434,09:45:33,41.92,41.76,42.8,41.0,41.76,3132000.0,130110000.0,41.92,1800,41.91,100,41.9,2800,41.86,4900,41.85,1300,41.95,500,41.96,200,41.97,200,41.98,700,41.99,100,HOLD
1782092739423,09:45:36,41.96,41.76,42.8,41.0,41.76,3141200.0,130490000.0,41.93,500,41.91,300,41.9,2800,41.85,1300,41.8,400,41.98,700,41.99,100,42.0,1500,42.01,20000,42.02,400,HOLD
1782092742423,09:45:39,42.07,41.76,42.8,41.0,41.76,3166600.0,131560000.0,42.07,900,42.05,300,42.03,400,42.02,1500,42.01,2400,42.08,200,42.1,200,42.11,300,42.15,200,42.18,200,HOLD
1782092748425,09:45:45,42.13,41.76,42.8,41.0,41.76,3170400.0,131720000.0,42.13,200,42.08,1100,42.07,600,42.05,100,42.02,1100,42.14,900,42.15,200,42.18,200,42.2,10800,42.23,100,HOLD
1782092751427,09:45:48,42.13,41.76,42.8,41.0,41.76,3196200.0,132810000.0,42.14,400,42.13,5700,42.11,100,42.1,5600,42.08,200,42.18,400,42.24,100,42.25,100,42.29,100,42.3,14200,HOLD
1782092757429,09:45:51,42.28,41.76,42.8,41.0,41.76,3202300.0,133070000.0,42.32,1900,42.28,700,42.27,200,42.26,1000,42.2,1500,42.36,100,42.37,300,42.38,2100,42.43,1000,42.47,600,HOLD
1782092760428,09:45:57,42.57,41.76,42.8,41.0,41.76,3225700.0,134060000.0,42.57,100,42.53,1800,42.52,1100,42.48,1200,42.47,400,42.58,4600,42.6,11500,42.62,300,42.65,500,42.66,200,HOLD
1782092763430,09:46:00,42.5,41.76,42.8,41.0,41.76,3233700.0,134400000.0,42.48,4300,42.47,400,42.46,400,42.43,300,42.38,100,42.56,1300,42.57,2600,42.58,3400,42.6,11300,42.62,300,HOLD
1782092766431,09:46:03,42.55,41.76,42.8,41.0,41.76,3253300.0,135230000.0,42.5,300,42.48,700,42.47,1700,42.38,100,42.37,200,42.54,200,42.55,400,42.56,500,42.57,1300,42.58,3400,HOLD
1782092769431,09:46:06,42.74,41.76,42.85,41.0,41.76,3430900.0,142830000.0,42.74,400,42.73,10200,42.7,1800,42.68,300,42.66,1700,42.79,1500,42.8,11500,42.81,1100,42.85,4100,42.86,400,HOLD
1782092772436,09:46:09,42.76,41.76,42.85,41.0,41.76,3444000.0,143390000.0,42.76,500,42.74,1300,42.73,5000,42.7,1800,42.68,300,42.79,100,42.8,200,42.85,5200,42.86,400,42.87,100,HOLD
1782092775433,09:46:12,42.79,41.76,42.85,41.0,41.76,3448100.0,143560000.0,42.8,300,42.79,1900,42.77,100,42.76,1200,42.74,1800,42.83,400,42.84,1200,42.85,5200,42.86,400,42.87,100,HOLD
1782092781436,09:46:15,42.75,41.76,42.85,41.0,41.76,3459100.0,144030000.0,42.8,2000,42.74,1800,42.73,3700,42.66,2900,42.62,10900,42.81,1600,42.82,1200,42.83,4900,42.84,200,42.85,5200,HOLD
1782092784439,09:46:21,42.74,41.76,42.85,41.0,41.76,3473000.0,144630000.0,42.66,2900,42.62,10900,42.61,200,42.6,7500,42.56,400,42.74,400,42.75,1200,42.76,500,42.77,200,42.78,300,HOLD
1782092787440,09:46:24,42.62,41.76,42.85,41.0,41.76,3482200.0,145020000.0,42.62,5000,42.61,10300,42.6,7500,42.56,400,42.54,136500,42.65,900,42.72,10000,42.73,300,42.74,5000,42.75,1900,HOLD
1782092790441,09:46:27,42.61,41.76,42.85,41.0,41.76,3501400.0,145840000.0,42.6,6500,42.56,400,42.54,136500,42.5,1000,42.48,2800,42.61,1600,42.62,10900,42.65,700,42.66,500,42.71,800,HOLD
1782092793442,09:46:30,42.54,41.76,42.85,41.0,41.76,3512000.0,146290000.0,42.54,135500,42.5,1000,42.48,3000,42.47,700,42.32,2000,42.59,1000,42.6,12700,42.61,3700,42.62,11600,42.65,700,HOLD
1782092796447,09:46:33,42.54,41.76,42.85,41.0,41.76,3526600.0,146910000.0,42.54,122200,42.5,1000,42.48,3000,42.47,700,42.32,2000,42.58,600,42.59,500,42.6,14000,42.61,2000,42.62,12700,HOLD
1782092799445,09:46:36,42.54,41.76,42.85,41.0,41.76,3539300.0,147450000.0,42.54,110500,42.5,1000,42.48,3000,42.47,700,42.32,2000,42.58,200,42.59,4000,42.6,11400,42.61,1700,42.62,11000,HOLD
1782092802446,09:46:39,42.5,41.76,42.85,41.0,41.76,3656500.0,152440000.0,42.48,2900,42.47,700,42.32,2000,42.28,200,42.18,400,42.5,7200,42.54,3000,42.55,700,42.56,4300,42.57,5100,HOLD
1782092805446,09:46:42,42.52,41.76,42.85,41.0,41.76,3670400.0,153030000.0,42.51,200,42.5,1700,42.48,1500,42.47,700,42.32,2000,42.54,100,42.56,300,42.57,100,42.58,300,42.59,4000,HOLD
1782092808447,09:46:45,42.5,41.76,42.85,41.0,41.76,3675800.0,153260000.0,42.5,1100,42.48,1500,42.47,700,42.32,2000,42.28,200,42.51,10000,42.55,1700,42.56,100,42.59,4900,42.6,11600,HOLD
1782092811449,09:46:48,42.5,41.76,42.85,41.0,41.76,3677400.0,153330000.0,42.5,500,42.48,1500,42.47,700,42.32,2000,42.28,200,42.51,12100,42.52,100,42.54,800,42.55,1700,42.56,100,HOLD
1782092814435,09:46:51,42.41,41.76,42.85,41.0,41.76,3681000.0,153480000.0,42.41,400,42.39,500,42.38,1100,42.33,400,42.32,1900,42.46,100,42.5,5100,42.51,11900,42.52,100,42.53,800,HOLD
1782092817436,09:46:54,42.51,41.76,42.85,41.0,41.76,3690200.0,153870000.0,42.48,200,42.47,100,42.46,100,42.43,2800,42.42,800,42.5,4600,42.51,11300,42.52,600,42.53,800,42.54,800,HOLD
1782092820439,09:46:57,42.48,41.76,42.85,41.0,41.76,3700900.0,154330000.0,42.47,100,42.46,700,42.43,2800,42.42,800,42.41,4300,42.48,900,42.5,2900,42.51,2700,42.52,800,42.53,800,HOLD
1782092823438,09:47:00,42.48,41.76,42.85,41.0,41.76,3711100.0,154760000.0,42.48,600,42.41,900,42.4,400,42.33,300,42.32,1900,42.5,2200,42.51,3000,42.52,800,42.53,800,42.54,400,HOLD
1782092826445,09:47:03,42.51,41.76,42.85,41.0,41.76,3719000.0,155090000.0,42.48,200,42.46,100,42.42,100,42.41,900,42.4,400,42.49,200,42.5,1700,42.51,1400,42.52,1000,42.53,800,HOLD
1782092829439,09:47:06,42.44,41.76,42.85,41.0,41.76,3727800.0,155470000.0,42.44,2800,42.42,100,42.41,1000,42.4,400,42.33,300,42.48,100,42.5,4300,42.51,500,42.53,300,42.54,200,HOLD
1782092832445,09:47:09,42.48,41.76,42.85,41.0,41.76,3728600.0,155500000.0,42.48,1200,42.46,100,42.44,2100,42.42,100,42.41,1000,42.5,10900,42.51,800,42.53,300,42.54,200,42.55,5900,HOLD
1782092835444,09:47:12,42.55,41.76,42.85,41.0,41.76,3747100.0,156290000.0,42.52,200,42.51,300,42.5,2800,42.49,300,42.48,8900,42.55,4900,42.58,1100,42.59,100,42.6,1700,42.61,2600,HOLD
1782092838445,09:47:15,42.52,41.76,42.85,41.0,41.76,3757000.0,156710000.0,42.55,600,42.53,100,42.52,3400,42.5,1900,42.49,300,42.59,100,42.6,1700,42.61,2600,42.62,400,42.65,800,HOLD
1782092841447,09:47:18,42.55,41.76,42.85,41.0,41.76,3765900.0,157090000.0,42.52,1300,42.5,1200,42.49,300,42.48,13900,42.46,300,42.59,1000,42.6,1900,42.61,2600,42.62,400,42.65,800,HOLD
1782092844447,09:47:21,42.53,41.76,42.85,41.0,41.76,3769500.0,157240000.0,42.53,300,42.52,1300,42.5,1200,42.49,300,42.48,13900,42.57,100,42.59,400,42.6,1700,42.61,2600,42.62,400,HOLD
1782092847450,09:47:24,42.62,41.76,42.85,41.0,41.76,3776700.0,157550000.0,42.57,1400,42.55,1000,42.54,800,42.53,900,42.52,1300,42.6,500,42.65,800,42.68,100,42.7,1200,42.71,3100,HOLD
1782092853460,09:47:30,42.58,41.76,42.85,41.0,41.76,3785100.0,157910000.0,42.58,100,42.57,800,42.53,600,42.52,1300,42.5,6500,42.6,400,42.63,300,42.64,800,42.65,200,42.68,100,HOLD
1782092856460,09:47:33,42.64,41.76,42.85,41.0,41.76,3790900.0,158150000.0,42.6,400,42.59,400,42.58,100,42.53,3400,42.52,3600,42.64,100,42.65,200,42.68,100,42.7,1300,42.71,3000,HOLD
1782092859459,09:47:36,42.64,41.76,42.85,41.0,41.76,3798000.0,158460000.0,42.64,11700,42.6,300,42.59,400,42.58,500,42.53,3300,42.68,100,42.69,1300,42.7,1700,42.71,3000,42.74,4100,HOLD
1782092862461,09:47:39,42.7,41.76,42.85,41.0,41.76,3801400.0,158600000.0,42.7,100,42.68,200,42.67,5000,42.66,700,42.65,100,42.71,3000,42.74,4100,42.75,1600,42.76,100,42.77,100,HOLD
1782092865462,09:47:42,42.67,41.76,42.85,41.0,41.76,3817300.0,159280000.0,42.68,1700,42.67,1600,42.66,400,42.65,3700,42.64,12700,42.73,2200,42.74,1800,42.75,1600,42.76,100,42.77,100,HOLD
1782092868464,09:47:45,42.81,41.76,42.85,41.0,41.76,3842000.0,160340000.0,42.81,1300,42.8,800,42.75,200,42.73,100,42.71,5000,42.83,3600,42.84,3100,42.85,3100,42.86,200,42.87,200,HOLD
1782092871469,09:47:48,42.82,41.76,42.85,41.0,41.76,3846700.0,160540000.0,42.81,1100,42.72,400,42.71,9000,42.7,200,42.68,2100,42.83,3400,42.84,3100,42.85,3100,42.86,200,42.87,200,HOLD
1782092874465,09:47:51,42.81,41.76,42.85,41.0,41.76,3851300.0,160730000.0,42.81,300,42.76,600,42.71,5700,42.7,200,42.68,2100,42.83,1800,42.84,3100,42.85,3100,42.86,200,42.87,200,HOLD
1782092877454,09:47:54,42.81,41.76,42.85,41.0,41.76,3862700.0,161220000.0,42.75,100,42.73,300,42.71,5700,42.7,200,42.68,2100,42.84,1000,42.85,3200,42.86,100,42.87,2200,42.88,3900,HOLD
1782092880453,09:47:57,42.79,41.76,42.85,41.0,41.76,3865300.0,161330000.0,42.76,700,42.75,100,42.73,300,42.71,5700,42.7,200,42.79,1200,42.8,3200,42.81,2800,42.83,200,42.84,1100,HOLD
1782092883455,09:48:00,42.8,41.76,42.85,41.0,41.76,3875500.0,161770000.0,42.8,3500,42.73,300,42.71,5300,42.7,200,42.68,2000,42.81,6500,42.82,800,42.83,1600,42.84,1100,42.85,3200,HOLD
1782092886455,09:48:03,42.8,41.76,42.85,41.0,41.76,3879900.0,161960000.0,42.8,2400,42.79,1600,42.73,400,42.71,5300,42.7,200,42.81,4200,42.82,700,42.83,1600,42.84,1100,42.85,3400,HOLD
1782092892460,09:48:09,42.64,41.76,42.85,41.0,41.76,3897900.0,162730000.0,42.6,300,42.59,200,42.58,100,42.57,300,42.54,300,42.69,1900,42.7,1400,42.71,300,42.72,200,42.73,1500,HOLD
1782092895460,09:48:12,42.72,41.76,42.85,41.0,41.76,3906800.0,163110000.0,42.64,100,42.59,300,42.57,3200,42.54,300,42.53,1200,42.7,400,42.71,2000,42.72,400,42.73,900,42.74,3100,HOLD
1782092898460,09:48:15,42.69,41.76,42.85,41.0,41.76,3912300.0,163340000.0,42.57,2800,42.54,300,42.53,1200,42.52,800,42.5,6500,42.59,200,42.6,400,42.69,8100,42.71,4800,42.72,10100,HOLD
1782092904464,09:48:21,42.67,41.76,42.85,41.0,41.76,3925500.0,163910000.0,42.6,800,42.57,1500,42.54,300,42.53,1200,42.52,800,42.66,300,42.7,200,42.71,4800,42.72,10100,42.73,900,HOLD
1782092907451,09:48:24,42.57,41.76,42.85,41.0,41.76,3928800.0,164050000.0,42.53,500,42.52,500,42.5,6500,42.49,300,42.48,8100,42.57,700,42.66,200,42.7,200,42.71,4800,42.72,10600,HOLD
1782092910452,09:48:27,42.5,41.76,42.85,41.0,41.76,3938200.0,164450000.0,42.49,200,42.48,8100,42.46,100,42.44,100,42.42,100,42.5,3000,42.53,7900,42.59,3000,42.6,700,42.66,200,HOLD
1782092913454,09:48:30,42.49,41.76,42.85,41.0,41.76,3940800.0,164560000.0,42.49,600,42.48,8100,42.46,100,42.44,100,42.42,100,42.5,900,42.53,9200,42.57,2900,42.59,3000,42.6,700,HOLD
1782092916455,09:48:33,42.49,41.76,42.85,41.0,41.76,3943900.0,164690000.0,42.48,8100,42.46,100,42.44,100,42.42,100,42.41,300,42.49,4400,42.5,1900,42.53,9100,42.57,3300,42.59,3000,HOLD
1782092922463,09:48:39,42.48,41.76,42.85,41.0,41.76,3955400.0,165180000.0,42.48,4000,42.46,100,42.44,100,42.42,100,42.41,300,42.49,400,42.5,1900,42.51,800,42.53,9100,42.55,3200,HOLD
1782092925458,09:48:42,42.48,41.76,42.85,41.0,41.76,3960200.0,165380000.0,42.44,100,42.41,200,42.4,1700,42.38,200,42.33,300,42.48,1900,42.49,1400,42.5,1900,42.51,800,42.53,8100,HOLD
1782092928459,09:48:45,42.49,41.76,42.85,41.0,41.76,3966300.0,165640000.0,42.41,200,42.4,1900,42.38,200,42.33,300,42.32,1900,42.5,1900,42.51,800,42.53,8100,42.55,3200,42.57,3300,HOLD
1782092931460,09:48:48,42.45,41.76,42.85,41.0,41.76,3967500.0,165690000.0,42.41,1400,42.4,2000,42.33,300,42.32,1900,42.28,200,42.45,100,42.46,800,42.48,1300,42.49,1100,42.5,3300,HOLD
1782092934460,09:48:51,42.41,41.76,42.85,41.0,41.76,3982400.0,166320000.0,42.41,300,42.37,1200,42.35,300,42.34,100,42.33,400,42.46,700,42.47,800,42.49,1200,42.5,4300,42.53,7800,HOLD
1782092937465,09:48:54,42.42,41.76,42.85,41.0,41.76,3988100.0,166560000.0,42.42,100,42.41,800,42.37,1200,42.34,100,42.33,300,42.44,5300,42.45,1100,42.46,700,42.47,800,42.49,1400,HOLD
1782092940465,09:48:57,42.41,41.76,42.85,41.0,41.76,3994900.0,166850000.0,42.42,1900,42.41,100,42.38,400,42.37,1200,42.34,100,42.45,3000,42.46,700,42.47,800,42.49,1300,42.5,4400,HOLD
1782092943467,09:49:00,42.41,41.76,42.85,41.0,41.76,3999200.0,167030000.0,42.38,400,42.37,1200,42.34,100,42.33,300,42.32,2100,42.41,37400,42.42,400,42.45,3200,42.46,700,42.47,800,HOLD
1782092949469,09:49:06,42.39,41.76,42.85,41.0,41.76,4004700.0,167270000.0,42.34,100,42.33,300,42.32,2100,42.31,500,42.3,200,42.4,300,42.41,40100,42.42,3600,42.44,400,42.45,3600,HOLD
1782092952471,09:49:09,42.34,41.76,42.85,41.0,41.76,4010000.0,167490000.0,42.32,2100,42.31,500,42.3,200,42.28,200,42.15,200,42.34,10800,42.38,500,42.4,300,42.41,40300,42.42,3900,HOLD
1782092955473,09:49:12,42.34,41.76,42.85,41.0,41.76,4013400.0,167640000.0,42.33,300,42.32,3200,42.3,200,42.28,200,42.16,1700,42.34,10500,42.37,300,42.4,6500,42.41,40300,42.42,4400,HOLD
1782092958472,09:49:15,42.34,41.76,42.85,41.0,41.76,4014700.0,167690000.0,42.33,600,42.32,3200,42.3,300,42.28,200,42.16,1700,42.34,11300,42.37,300,42.4,6500,42.41,40300,42.42,4400,HOLD
1782092964474,09:49:21,42.32,41.76,42.85,41.0,41.76,4019600.0,167900000.0,42.32,1000,42.31,200,42.3,1700,42.28,200,42.27,200,42.33,1200,42.34,17000,42.37,300,42.4,7500,42.41,38400,HOLD
1782092970478,09:49:27,42.32,41.76,42.85,41.0,41.76,4022600.0,168030000.0,42.3,300,42.28,200,42.27,200,42.2,200,42.17,500,42.32,1800,42.33,5000,42.34,16700,42.4,7500,42.41,4500,HOLD
1782092973479,09:49:30,42.3,41.76,42.85,41.0,41.76,4023300.0,168060000.0,42.28,100,42.27,200,42.2,200,42.17,500,42.16,1700,42.31,1200,42.32,5500,42.33,5000,42.34,14800,42.4,7200,HOLD
1782092976482,09:49:33,42.3,41.76,42.85,41.0,41.76,4023700.0,168070000.0,42.28,100,42.27,500,42.2,200,42.17,500,42.16,1700,42.3,1500,42.31,1700,42.32,5500,42.33,5000,42.34,11500,HOLD
1782092979483,09:49:36,42.3,41.76,42.85,41.0,41.76,4040700.0,168790000.0,42.21,600,42.2,7000,42.19,1500,42.13,600,42.11,137700,42.28,100,42.3,6800,42.31,1700,42.32,4200,42.33,4800,HOLD
1782092982490,09:49:39,42.26,41.76,42.85,41.0,41.76,4043100.0,168890000.0,42.22,100,42.21,200,42.2,7000,42.19,1500,42.13,600,42.26,200,42.3,5800,42.31,1700,42.32,4200,42.33,4800,HOLD
1782092985485,09:49:42,42.22,41.76,42.85,41.0,41.76,4044100.0,168930000.0,42.21,200,42.2,7000,42.19,1500,42.13,600,42.11,137700,42.22,2800,42.26,500,42.28,2300,42.3,5500,42.31,1700,HOLD
1782092991488,09:49:48,42.21,41.76,42.85,41.0,41.76,4057600.0,169500000.0,42.2,6700,42.19,1500,42.13,700,42.11,137700,42.1,100,42.21,6300,42.22,400,42.23,400,42.24,600,42.28,600,HOLD
1782092994489,09:49:51,42.21,41.76,42.85,41.0,41.76,4061000.0,169650000.0,42.2,6100,42.19,1500,42.14,1300,42.13,700,42.11,137700,42.21,4000,42.22,3200,42.23,700,42.24,600,42.28,600,HOLD
1782092997491,09:49:54,42.21,41.76,42.85,41.0,41.76,4067600.0,169920000.0,42.2,5500,42.19,1500,42.14,1300,42.13,700,42.11,137700,42.21,1300,42.22,2500,42.23,700,42.24,600,42.28,600,HOLD
1782093000492,09:49:57,42.21,41.76,42.85,41.0,41.76,4072300.0,170120000.0,42.21,900,42.2,12800,42.19,1500,42.14,1300,42.13,700,42.22,4000,42.23,400,42.24,600,42.28,600,42.3,6800,HOLD
1782093003493,09:50:00,42.24,41.76,42.85,41.0,41.76,4078200.0,170370000.0,42.22,1400,42.21,5500,42.2,12800,42.19,2000,42.14,1300,42.24,500,42.28,600,42.3,6800,42.31,400,42.32,4200,HOLD
1782093009494,09:50:06,42.27,41.76,42.85,41.0,41.76,4082000.0,170530000.0,42.27,4000,42.24,1500,42.23,1800,42.22,300,42.21,1200,42.28,400,42.29,900,42.3,7100,42.31,400,42.32,4200,HOLD
1782093012495,09:50:09,42.29,41.76,42.85,41.0,41.76,4090800.0,170900000.0,42.27,300,42.22,300,42.21,800,42.2,14700,42.19,2000,42.29,800,42.3,7100,42.31,400,42.32,4200,42.33,3700,HOLD
1782093015497,09:50:12,42.28,41.76,42.85,41.0,41.76,4094300.0,171050000.0,42.22,700,42.21,800,42.2,10800,42.19,2000,42.13,1200,42.28,600,42.29,2200,42.3,7100,42.31,400,42.32,1200,HOLD
1782093018499,09:50:15,42.29,41.76,42.85,41.0,41.76,4099300.0,171260000.0,42.25,100,42.24,300,42.23,900,42.22,600,42.21,700,42.27,900,42.29,100,42.3,7100,42.31,800,42.32,1200,HOLD
1782093021503,09:50:18,42.29,41.76,42.85,41.0,41.76,4100800.0,171330000.0,42.29,700,42.28,3100,42.25,200,42.23,900,42.22,600,42.3,6900,42.31,800,42.32,1200,42.33,3700,42.34,8400,HOLD
1782093027504,09:50:24,42.27,41.76,42.85,41.0,41.76,4120400.0,172160000.0,42.22,100,42.2,1700,42.19,500,42.13,1200,42.11,137700,42.27,600,42.28,100,42.29,2700,42.3,6900,42.31,800,HOLD
1782093030505,09:50:27,42.06,41.76,42.85,41.0,41.76,4263500.0,178180000.0,42.0,6900,41.98,2000,41.97,200,41.95,300,41.9,200,42.06,2800,42.07,800,42.1,107400,42.11,1100,42.21,1000,HOLD
1782093033518,09:50:30,42.0,41.76,42.85,41.0,41.76,4270600.0,178480000.0,41.98,2000,41.97,200,41.95,300,41.9,200,41.88,200,41.99,2100,42.0,7000,42.06,3200,42.07,800,42.1,107300,HOLD
1782093036507,09:50:33,41.97,41.76,42.85,41.0,41.76,4273500.0,178600000.0,41.9,200,41.88,200,41.85,200,41.8,900,41.77,100,41.96,200,41.97,3300,41.98,7800,41.99,2000,42.0,7800,HOLD
1782093039508,09:50:36,41.9,41.76,42.85,41.0,41.76,4274000.0,178620000.0,41.9,100,41.89,100,41.88,300,41.85,200,41.8,900,41.97,3200,41.98,7600,41.99,2000,42.0,900,42.01,800,HOLD
1782093042514,09:50:39,41.88,41.76,42.85,41.0,41.76,4279900.0,178870000.0,41.9,200,41.88,600,41.85,200,41.8,900,41.77,100,41.96,200,41.97,3200,41.99,1700,42.0,900,42.01,800,HOLD
1782093045513,09:50:42,41.9,41.76,42.85,41.0,41.76,4280300.0,178890000.0,41.9,600,41.85,200,41.8,900,41.77,100,41.76,1100,41.96,100,41.97,3200,41.99,1700,42.0,900,42.01,800,HOLD
1782093048512,09:50:45,41.9,41.76,42.85,41.0,41.76,4282200.0,178970000.0,41.85,200,41.8,900,41.77,100,41.76,1100,41.74,100,41.9,800,41.96,100,41.97,3200,41.99,1700,42.0,900,HOLD
1782093054515,09:50:51,41.9,41.76,42.85,41.0,41.76,4285800.0,179120000.0,41.9,1000,41.89,300,41.88,1300,41.86,500,41.85,600,41.94,100,41.95,400,41.96,100,41.97,3200,41.99,1700,HOLD
1782093057516,09:50:54,41.94,41.76,42.85,41.0,41.76,4291500.0,179360000.0,41.94,200,41.91,400,41.9,200,41.89,300,41.88,1600,41.95,400,41.96,100,41.97,3200,41.99,1700,42.06,3200,HOLD
1782093060517,09:50:57,41.94,41.76,42.85,41.0,41.76,4292000.0,179380000.0,41.91,500,41.9,1200,41.89,300,41.88,1800,41.86,500,41.94,2900,41.95,400,41.96,100,41.97,3200,41.99,1700,HOLD
1782093063519,09:51:00,41.94,41.76,42.85,41.0,41.76,4293200.0,179430000.0,41.91,800,41.9,1700,41.89,300,41.88,1500,41.86,500,41.94,1700,41.95,200,41.97,3200,41.99,1700,42.06,3200,HOLD
1782093066520,09:51:03,42.05,41.76,42.85,41.0,41.76,4316800.0,180420000.0,41.94,300,41.92,500,41.91,900,41.9,1800,41.89,300,42.03,600,42.04,800,42.05,1900,42.06,3200,42.11,400,HOLD
1782093069521,09:51:06,41.95,41.76,42.85,41.0,41.76,4317800.0,180460000.0,42.0,10000,41.95,3800,41.94,300,41.92,600,41.91,1100,42.02,1000,42.04,800,42.05,1900,42.06,3200,42.11,400,HOLD
1782093072521,09:51:09,41.97,41.76,42.85,41.0,41.76,4351600.0,181880000.0,41.96,500,41.9,19400,41.89,300,41.88,1500,41.86,500,41.97,100,42.01,100,42.05,4700,42.06,3200,42.28,100,HOLD
1782093075522,09:51:12,41.89,41.76,42.85,41.0,41.76,4370000.0,182650000.0,41.88,1500,41.86,500,41.85,400,41.84,200,41.8,1800,41.89,100,41.9,100,41.91,600,41.94,2200,41.95,33300,HOLD
1782093078524,09:51:15,41.95,41.76,42.85,41.0,41.76,4370900.0,182690000.0,41.91,200,41.9,3000,41.88,1500,41.86,500,41.85,400,41.95,33000,42.0,100,42.01,100,42.05,4900,42.06,3200,HOLD
1782093081526,09:51:18,41.95,41.76,42.85,41.0,41.76,4377800.0,182980000.0,41.91,1000,41.9,3100,41.88,1800,41.86,500,41.85,600,41.95,26600,42.0,100,42.01,100,42.05,4900,42.06,3200,HOLD
1782093084526,09:51:21,41.95,41.76,42.85,41.0,41.76,4379800.0,183060000.0,41.92,100,41.91,1000,41.9,3300,41.89,300,41.88,1800,41.94,100,41.95,24600,41.98,700,42.0,100,42.05,4900,HOLD
1782093087529,09:51:24,41.95,41.76,42.85,41.0,41.76,4380300.0,183080000.0,41.92,100,41.91,1100,41.9,3800,41.89,2700,41.88,1800,41.95,24300,41.98,700,42.0,100,42.05,4900,42.06,3200,HOLD
1782093090531,09:51:27,41.94,41.76,42.85,41.0,41.76,4384500.0,183260000.0,41.93,100,41.92,400,41.91,1300,41.9,3800,41.89,2700,41.94,100,41.95,22400,41.98,700,42.05,4900,42.06,3200,HOLD
1782093093531,09:51:30,41.92,41.76,42.85,41.0,41.76,4388700.0,183430000.0,41.91,1300,41.9,3800,41.89,2700,41.88,4000,41.86,500,41.92,1100,41.95,22000,41.98,700,42.05,4900,42.06,2700,HOLD
1782093096531,09:51:33,41.91,41.76,42.85,41.0,41.76,4393300.0,183630000.0,41.91,600,41.9,3800,41.89,2700,41.88,4000,41.86,500,41.95,21900,42.05,4900,42.06,2700,42.28,100,42.3,5800,HOLD
1782093099532,09:51:36,41.95,41.76,42.85,41.0,41.76,4397500.0,183800000.0,41.94,10200,41.92,200,41.91,600,41.9,3900,41.89,3500,41.95,18000,42.05,4900,42.06,2700,42.28,100,42.3,5800,HOLD
1782093102536,09:51:39,41.95,41.76,42.85,41.0,41.76,4403400.0,184050000.0,41.94,9700,41.92,600,41.91,700,41.9,3900,41.89,4000,41.95,13100,42.05,4900,42.06,2700,42.28,100,42.3,5800,HOLD
1782093105534,09:51:42,41.95,41.76,42.85,41.0,41.76,4416600.0,184600000.0,41.97,100,41.96,800,41.95,11100,41.94,10600,41.92,700,42.04,100,42.05,4900,42.06,2700,42.24,1100,42.25,900,HOLD
1782093108535,09:51:45,42.04,41.76,42.85,41.0,41.76,4416700.0,184610000.0,41.98,400,41.97,100,41.96,800,41.95,10100,41.94,10600,42.05,4900,42.06,2700,42.24,1100,42.25,900,42.26,1000,HOLD
1782093111537,09:51:48,42.04,41.76,42.85,41.0,41.76,4418200.0,184670000.0,42.04,400,42.0,200,41.98,400,41.97,100,41.96,800,42.05,4500,42.06,2700,42.24,1100,42.25,900,42.26,1000,HOLD
1782093114536,09:51:51,42.04,41.76,42.85,41.0,41.76,4421700.0,184820000.0,42.04,200,42.0,200,41.98,700,41.97,100,41.96,800,42.05,2000,42.06,2700,42.24,1100,42.25,900,42.26,1000,HOLD
1782093117538,09:51:54,42.04,41.76,42.85,41.0,41.76,4422300.0,184840000.0,42.04,600,42.0,200,41.98,700,41.97,100,41.96,800,42.05,1500,42.06,2700,42.24,1100,42.25,900,42.26,1000,HOLD
1782093120539,09:51:57,42.06,41.76,42.85,41.0,41.76,4423900.0,184910000.0,42.05,800,42.04,2100,42.02,100,41.98,400,41.97,100,42.06,2600,42.24,1100,42.25,900,42.26,1000,42.27,1200,HOLD
1782093123541,09:52:00,42.05,41.76,42.85,41.0,41.76,4428100.0,185090000.0,42.04,3000,42.02,100,42.0,1200,41.98,1400,41.97,100,42.05,1700,42.06,2100,42.1,100,42.24,1100,42.25,900,HOLD
1782093126542,09:52:03,42.04,41.76,42.85,41.0,41.76,4431000.0,185210000.0,42.04,2300,42.02,100,42.01,200,42.0,1200,41.98,1400,42.05,300,42.06,2100,42.1,100,42.24,1100,42.25,900,HOLD
1782093129543,09:52:06,42.01,41.76,42.85,41.0,41.76,4434800.0,185370000.0,42.0,1600,41.98,1400,41.97,1000,41.96,300,41.95,5800,42.02,200,42.04,2800,42.05,300,42.06,2100,42.1,100,HOLD
1782093132543,09:52:09,42.0,41.76,42.85,41.0,41.76,4436800.0,185450000.0,41.98,1100,41.97,1000,41.96,300,41.95,800,41.94,10200,42.0,200,42.01,100,42.02,600,42.04,6400,42.06,2100,HOLD
1782093135544,09:52:12,41.98,41.76,42.85,41.0,41.76,4439100.0,185550000.0,41.96,300,41.95,600,41.94,10200,41.92,400,41.91,9500,41.98,1800,42.0,200,42.02,400,42.04,5300,42.06,2100,HOLD
1782093138546,09:52:15,41.95,41.76,42.85,41.0,41.76,4439600.0,185570000.0,41.95,500,41.94,10200,41.92,400,41.91,9500,41.9,5900,41.96,600,41.97,100,41.98,3500,42.0,200,42.02,400,HOLD
1782093141549,09:52:18,41.95,41.76,42.85,41.0,41.76,4441100.0,185630000.0,41.95,300,41.94,10200,41.92,400,41.91,9500,41.9,5900,41.98,1700,42.0,200,42.02,400,42.04,5300,42.06,2100,HOLD
1782093144548,09:52:21,41.95,41.76,42.85,41.0,41.76,4441200.0,185640000.0,41.95,200,41.94,10200,41.92,400,41.91,9500,41.9,5900,41.96,100,41.97,200,41.98,1700,42.0,300,42.01,700,HOLD
1782093147550,09:52:24,41.95,41.76,42.85,41.0,41.76,4441900.0,185670000.0,41.95,1100,41.94,10200,41.92,5400,41.91,9500,41.9,6000,41.98,1600,42.0,300,42.01,700,42.02,400,42.04,5300,HOLD
1782093153553,09:52:30,41.95,41.76,42.85,41.0,41.76,4445300.0,185810000.0,41.95,1900,41.94,10200,41.92,5400,41.91,8900,41.9,6000,41.96,100,41.98,1100,41.99,100,42.0,300,42.01,700,HOLD
1782093156554,09:52:33,41.97,41.76,42.85,41.0,41.76,4447700.0,185910000.0,41.95,300,41.94,10000,41.92,5400,41.91,8900,41.9,6000,41.97,1400,41.98,1100,41.99,100,42.0,300,42.02,400,HOLD
1782093159556,09:52:36,41.94,41.76,42.85,41.0,41.76,4462700.0,186540000.0,41.92,800,41.91,8900,41.9,6000,41.89,3300,41.88,1700,41.93,400,41.94,200,41.95,1000,41.96,100,41.97,2200,HOLD
1782093162562,09:52:39,41.97,41.76,42.85,41.0,41.76,4466800.0,186710000.0,41.93,800,41.92,800,41.91,8900,41.9,6100,41.89,3300,41.95,100,41.97,1000,41.98,1200,41.99,100,42.0,300,HOLD
1782093165558,09:52:42,41.93,41.76,42.85,41.0,41.76,4470900.0,186880000.0,41.93,3200,41.92,800,41.91,8900,41.9,6100,41.89,3300,41.98,1200,41.99,100,42.0,300,42.02,400,42.04,4000,HOLD
1782093168559,09:52:45,41.95,41.76,42.85,41.0,41.76,4471100.0,186890000.0,41.95,500,41.94,2100,41.93,6100,41.92,800,41.91,9200,41.98,1200,41.99,100,42.0,300,42.02,400,42.04,4000,HOLD
1782093171561,09:52:48,41.93,41.76,42.85,41.0,41.76,4481000.0,187310000.0,41.92,800,41.91,9200,41.9,6000,41.89,3200,41.88,1700,41.93,7100,41.98,800,41.99,100,42.0,300,42.02,400,HOLD
1782093174562,09:52:51,41.87,41.76,42.85,41.0,41.76,4503400.0,188240000.0,41.85,400,41.82,100,41.8,3000,41.78,800,41.77,400,41.87,400,41.88,1900,41.89,200,41.9,7800,41.91,9200,HOLD
1782093177565,09:52:54,41.87,41.76,42.85,41.0,41.76,4503400.0,188240000.0,41.85,500,41.82,100,41.8,3000,41.78,800,41.77,400,41.87,400,41.88,1900,41.89,200,41.9,2600,41.92,6600,HOLD
1782093180565,09:52:57,41.88,41.76,42.85,41.0,41.76,4504000.0,188270000.0,41.87,500,41.85,1100,41.82,100,41.8,3000,41.78,800,41.88,1700,41.89,200,41.9,1900,41.92,6600,41.93,8300,HOLD
1782093183566,09:53:00,41.88,41.76,42.85,41.0,41.76,4506100.0,188360000.0,41.87,1100,41.85,1100,41.82,100,41.8,3000,41.78,800,41.88,200,41.89,200,41.9,600,41.92,1100,41.93,8300,HOLD
1782093186568,09:53:03,41.87,41.76,42.85,41.0,41.76,4510200.0,188530000.0,41.85,1100,41.82,100,41.8,5000,41.78,800,41.77,400,41.87,1800,41.89,1000,41.9,600,41.92,1100,41.93,8300,HOLD
1782093189571,09:53:06,41.81,41.76,42.85,41.0,41.76,4520600.0,188960000.0,41.78,300,41.77,400,41.76,3900,41.71,1200,41.7,400,41.81,300,41.82,400,41.84,5500,41.87,1500,41.88,1200,HOLD
1782093192571,09:53:09,41.81,41.76,42.85,41.0,41.76,4521300.0,188990000.0,41.78,1600,41.77,400,41.76,3900,41.71,1200,41.7,400,41.81,1000,41.82,400,41.87,1500,41.88,1200,41.89,1400,HOLD
1782093195573,09:53:12,41.81,41.76,42.85,41.0,41.76,4521300.0,188990000.0,41.79,300,41.78,2000,41.77,300,41.76,3400,41.71,1200,41.81,1000,41.82,400,41.87,1500,41.88,1200,41.89,1400,HOLD
1782093198574,09:53:15,41.78,41.76,42.85,41.0,41.76,4524900.0,189140000.0,41.77,300,41.76,3400,41.71,1200,41.7,400,41.67,100,41.78,7400,41.87,1500,41.88,1200,41.89,1400,41.92,1100,HOLD
1782093201575,09:53:18,41.78,41.76,42.85,41.0,41.76,4531100.0,189400000.0,41.72,200,41.71,4400,41.7,400,41.67,100,41.65,200,41.78,6000,41.79,2300,41.88,1200,41.89,1400,41.92,1100,HOLD
1782093204576,09:53:21,41.77,41.76,42.85,41.0,41.76,4531600.0,189420000.0,41.76,200,41.73,400,41.72,200,41.71,4400,41.7,400,41.78,5600,41.79,2300,41.81,700,41.88,1200,41.89,1400,HOLD
1782093207579,09:53:24,41.78,41.76,42.85,41.0,41.76,4538600.0,189720000.0,41.78,8200,41.76,200,41.73,400,41.72,100,41.71,4400,41.79,2300,41.81,700,41.88,1200,41.89,1400,41.92,600,HOLD
1782093210580,09:53:27,41.78,41.76,42.85,41.0,41.76,4541600.0,189840000.0,41.78,5700,41.76,200,41.73,400,41.72,400,41.71,4400,41.79,3900,41.81,700,41.88,1200,41.89,1400,41.92,600,HOLD
1782093213581,09:53:30,41.78,41.76,42.85,41.0,41.76,4544300.0,189950000.0,41.78,4200,41.77,600,41.76,200,41.73,400,41.72,600,41.79,3900,41.81,700,41.88,1200,41.89,800,41.92,600,HOLD
1782093216582,09:53:33,41.78,41.76,42.85,41.0,41.76,4550700.0,190220000.0,41.77,600,41.76,200,41.73,400,41.72,600,41.71,4400,41.78,1500,41.79,3700,41.8,100,41.81,700,41.88,1200,HOLD
1782093219583,09:53:36,41.78,41.76,42.85,41.0,41.76,4551700.0,190260000.0,41.77,1000,41.76,200,41.73,400,41.72,600,41.71,4400,41.78,1400,41.79,3700,41.8,100,41.81,700,41.88,1200,HOLD
1782093222590,09:53:39,41.77,41.76,42.85,41.0,41.76,4552900.0,190310000.0,41.77,400,41.76,200,41.73,400,41.72,600,41.71,4400,41.78,1200,41.79,3700,41.8,100,41.81,700,41.88,1200,HOLD
1782093225589,09:53:42,41.78,41.76,42.85,41.0,41.76,4553000.0,190320000.0,41.77,1000,41.76,200,41.75,200,41.73,700,41.72,600,41.78,1200,41.79,3700,41.8,100,41.81,700,41.88,1000,HOLD
1782093228589,09:53:45,41.77,41.76,42.85,41.0,41.76,4553600.0,190340000.0,41.77,1400,41.76,100,41.75,200,41.73,700,41.72,500,41.78,900,41.79,3700,41.8,100,41.81,700,41.85,1000,HOLD
1782093231589,09:53:48,41.77,41.76,42.85,41.0,41.76,4557300.0,190500000.0,41.77,1600,41.76,100,41.75,200,41.73,700,41.72,1500,41.78,1800,41.79,3700,41.8,100,41.81,700,41.85,1000,HOLD
1782093234589,09:53:51,41.75,41.76,42.85,41.0,41.76,4559700.0,190600000.0,41.73,700,41.72,1500,41.71,1100,41.7,700,41.67,100,41.75,400,41.76,200,41.77,4800,41.78,1600,41.79,3700,HOLD
1782093237578,09:53:54,41.73,41.76,42.85,41.0,41.76,4560300.0,190620000.0,41.72,1500,41.71,1100,41.7,700,41.67,100,41.65,1400,41.74,100,41.75,100,41.76,200,41.77,6100,41.78,3600,HOLD
1782093243579,09:54:00,41.74,41.76,42.85,41.0,41.76,4561500.0,190670000.0,41.74,1600,41.73,600,41.72,700,41.71,700,41.7,1700,41.77,5500,41.78,3500,41.79,1600,41.8,100,41.85,1000,HOLD
1782093246579,09:54:03,41.77,41.76,42.85,41.0,41.76,4561800.0,190690000.0,41.75,300,41.74,1600,41.73,4000,41.72,1200,41.71,800,41.77,4400,41.78,3500,41.79,1600,41.8,100,41.85,1000,HOLD
1782093249582,09:54:06,41.74,41.76,42.85,41.0,41.76,4567100.0,190910000.0,41.73,5300,41.72,1100,41.71,800,41.7,1700,41.67,100,41.74,7300,41.76,1400,41.77,4200,41.78,3500,41.79,1600,HOLD
1782093252582,09:54:09,41.73,41.76,42.85,41.0,41.76,4569200.0,190990000.0,41.73,3900,41.72,1200,41.71,800,41.7,1800,41.67,100,41.74,6600,41.75,28400,41.76,1400,41.77,4200,41.78,3500,HOLD
1782093255585,09:54:12,41.74,41.76,42.85,41.0,41.76,4570700.0,191060000.0,41.73,2900,41.72,1200,41.71,800,41.7,1800,41.67,100,41.74,6200,41.75,28400,41.76,1500,41.77,4300,41.78,3500,HOLD
1782093258587,09:54:15,41.74,41.76,42.85,41.0,41.76,4571000.0,191070000.0,41.73,4300,41.72,1200,41.71,800,41.7,1800,41.67,100,41.74,5900,41.75,28400,41.76,2200,41.77,4300,41.78,3500,HOLD
1782093261588,09:54:18,41.72,41.76,42.85,41.0,41.76,4579200.0,191410000.0,41.71,800,41.7,1800,41.67,100,41.65,1300,41.64,200,41.72,700,41.74,3700,41.75,28400,41.76,2200,41.77,4300,HOLD
1782093264590,09:54:21,41.74,41.76,42.85,41.0,41.76,4579800.0,191440000.0,41.71,700,41.7,1800,41.67,100,41.65,1300,41.64,200,41.74,3500,41.75,28400,41.76,2200,41.77,4300,41.78,3500,HOLD
1782093267589,09:54:24,41.72,41.76,42.85,41.0,41.76,4580100.0,191450000.0,41.72,500,41.71,700,41.7,1800,41.67,600,41.65,1300,41.73,1000,41.74,3600,41.75,28400,41.76,2200,41.77,4300,HOLD
1782093270592,09:54:27,41.72,41.76,42.85,41.0,41.76,4580900.0,191480000.0,41.72,900,41.71,700,41.7,2300,41.67,600,41.65,1300,41.73,800,41.74,4600,41.75,28400,41.76,2200,41.77,4300,HOLD
1782093273593,09:54:30,41.7,41.76,42.85,41.0,41.76,4584700.0,191640000.0,41.7,1900,41.67,600,41.65,1300,41.64,200,41.62,8200,41.72,2000,41.73,2300,41.74,4200,41.75,28400,41.76,2100,HOLD
1782093276593,09:54:33,41.7,41.76,42.85,41.0,41.76,4600600.0,192300000.0,41.62,8000,41.61,300,41.6,13200,41.58,3300,41.56,200,41.69,2600,41.7,4000,41.72,500,41.73,2300,41.74,4200,HOLD
1782093279595,09:54:36,41.67,41.76,42.85,41.0,41.76,4601300.0,192330000.0,41.63,100,41.62,7800,41.61,300,41.6,13200,41.58,3300,41.67,100,41.68,400,41.69,2600,41.7,3500,41.72,1000,HOLD
1782093285602,09:54:42,41.62,41.76,42.85,41.0,41.76,4603700.0,192430000.0,41.63,100,41.62,7000,41.61,300,41.6,13200,41.58,3300,41.66,300,41.67,1900,41.68,800,41.69,2300,41.7,3500,HOLD
1782093288601,09:54:45,41.67,41.76,42.85,41.0,41.76,4605700.0,192520000.0,41.63,200,41.62,7100,41.61,300,41.6,13200,41.58,3300,41.67,200,41.68,800,41.69,2300,41.7,1100,41.72,1000,HOLD
1782093291601,09:54:48,41.69,41.76,42.85,41.0,41.76,4608600.0,192640000.0,41.69,100,41.68,300,41.67,1200,41.65,200,41.64,300,41.71,1700,41.72,1100,41.73,900,41.74,4200,41.75,28400,HOLD
1782093294602,09:54:51,41.69,41.76,42.85,41.0,41.76,4619100.0,193070000.0,41.68,100,41.65,300,41.62,500,41.61,3600,41.6,13200,41.7,100,41.71,2700,41.72,1100,41.73,900,41.74,3200,HOLD
1782093297603,09:54:54,41.63,41.76,42.85,41.0,41.76,4620200.0,193120000.0,41.62,400,41.61,3600,41.6,13200,41.58,3300,41.56,200,41.63,100,41.68,1200,41.69,700,41.7,1500,41.71,2700,HOLD
1782093300590,09:54:57,41.68,41.76,42.85,41.0,41.76,4620900.0,193150000.0,41.64,500,41.63,1200,41.62,400,41.61,3700,41.6,13200,41.68,1900,41.69,700,41.7,100,41.71,2700,41.72,600,HOLD
1782093303591,09:55:00,41.66,41.76,42.85,41.0,41.76,4622100.0,193200000.0,41.64,100,41.63,1200,41.62,400,41.61,3700,41.6,13200,41.68,1900,41.69,700,41.7,100,41.71,2700,41.72,100,HOLD
1782093309593,09:55:06,41.57,41.76,42.85,41.0,41.76,4656800.0,194640000.0,41.51,800,41.5,9500,41.49,200,41.47,100,41.46,100,41.57,500,41.62,600,41.63,3300,41.65,1000,41.67,1500,HOLD
1782093312595,09:55:09,41.57,41.76,42.85,41.0,41.76,4657300.0,194660000.0,41.57,500,41.54,200,41.52,100,41.51,2000,41.5,9500,41.6,700,41.62,1200,41.63,3300,41.65,1000,41.67,1500,HOLD
1782093315597,09:55:12,41.6,41.76,42.85,41.0,41.76,4663600.0,194930000.0,41.57,300,41.54,300,41.53,200,41.51,13100,41.5,9600,41.6,200,41.62,1200,41.63,3300,41.65,1000,41.67,1500,HOLD
1782093318598,09:55:15,41.6,41.76,42.85,41.0,41.76,4664200.0,194950000.0,41.57,1000,41.54,300,41.53,200,41.51,3300,41.5,9600,41.59,100,41.6,3600,41.62,1300,41.63,3300,41.67,1500,HOLD
1782093321614,09:55:18,41.6,41.76,42.85,41.0,41.76,4665200.0,194990000.0,41.57,2200,41.54,300,41.53,400,41.51,2700,41.5,10600,41.59,1000,41.6,2700,41.62,1300,41.63,3300,41.64,200,HOLD
1782093324599,09:55:21,41.59,41.76,42.85,41.0,41.76,4666200.0,195030000.0,41.58,100,41.57,4000,41.54,300,41.53,400,41.51,2800,41.59,900,41.6,5600,41.62,1300,41.63,3300,41.64,200,HOLD
1782093327600,09:55:24,41.57,41.76,42.85,41.0,41.76,4666900.0,195060000.0,41.58,100,41.57,3500,41.54,300,41.53,400,41.51,2800,41.59,900,41.6,5600,41.62,1300,41.63,3300,41.64,200,HOLD
1782093330603,09:55:27,41.59,41.76,42.85,41.0,41.76,4667200.0,195080000.0,41.57,3500,41.54,300,41.53,1200,41.51,2800,41.5,10700,41.59,1300,41.6,5600,41.62,1300,41.63,3300,41.64,200,HOLD
1782093333619,09:55:30,41.59,41.76,42.85,41.0,41.76,4667200.0,195080000.0,41.57,3900,41.54,300,41.53,1200,41.51,2800,41.5,10000,41.59,1900,41.6,5600,41.62,1300,41.63,3300,41.64,200,HOLD
1782093336604,09:55:33,41.59,41.76,42.85,41.0,41.76,4669500.0,195170000.0,41.57,4700,41.54,300,41.53,1200,41.51,3100,41.5,9800,41.6,5600,41.62,1300,41.63,3300,41.64,200,41.67,1500,HOLD
1782093339604,09:55:36,41.6,41.76,42.85,41.0,41.76,4672200.0,195280000.0,41.59,300,41.57,5300,41.54,600,41.53,1000,41.51,3900,41.6,4400,41.62,1300,41.63,3300,41.64,200,41.67,1500,HOLD
1782093342605,09:55:39,41.6,41.76,42.85,41.0,41.76,4675300.0,195410000.0,41.59,400,41.57,4700,41.54,600,41.53,1000,41.51,3900,41.6,3500,41.62,1300,41.63,3300,41.64,200,41.67,1500,HOLD
1782093345611,09:55:42,41.6,41.76,42.85,41.0,41.76,4676500.0,195460000.0,41.59,600,41.58,100,41.57,4700,41.55,300,41.54,600,41.6,2400,41.62,1300,41.63,3300,41.64,200,41.67,1500,HOLD
1782093348610,09:55:45,41.63,41.76,42.85,41.0,41.76,4684000.0,195770000.0,41.62,100,41.59,500,41.58,100,41.57,4700,41.56,100,41.64,200,41.66,900,41.67,1500,41.7,1100,41.71,1000,HOLD
1782093351611,09:55:48,41.66,41.76,42.85,41.0,41.76,4684400.0,195790000.0,41.63,200,41.62,200,41.6,200,41.59,500,41.58,100,41.66,700,41.67,1500,41.7,1100,41.71,1000,41.74,100,HOLD
1782093354613,09:55:51,41.66,41.76,42.85,41.0,41.76,4684400.0,195790000.0,41.63,400,41.62,200,41.6,700,41.59,500,41.58,100,41.65,100,41.66,700,41.67,1500,41.7,1100,41.71,1000,HOLD
1782093357615,09:55:54,41.66,41.76,42.85,41.0,41.76,4685300.0,195830000.0,41.66,300,41.65,100,41.64,100,41.63,300,41.62,200,41.67,1500,41.69,1000,41.7,1100,41.71,1000,41.74,100,HOLD
1782093360615,09:55:57,41.6,41.76,42.85,41.0,41.76,4687800.0,195930000.0,41.61,200,41.6,800,41.59,400,41.58,500,41.57,4200,41.63,400,41.67,700,41.69,1700,41.7,1300,41.71,1000,HOLD
1782093363617,09:56:00,41.63,41.76,42.85,41.0,41.76,4688100.0,195950000.0,41.61,300,41.6,800,41.59,400,41.58,500,41.57,4100,41.63,100,41.67,700,41.69,1700,41.7,1300,41.71,1000,HOLD
1782093366618,09:56:03,41.66,41.76,42.85,41.0,41.76,4688600.0,195970000.0,41.61,200,41.6,800,41.59,400,41.58,500,41.57,4100,41.66,1500,41.67,800,41.68,1500,41.69,1700,41.7,1300,HOLD
1782093369619,09:56:06,41.63,41.76,42.85,41.0,41.76,4690000.0,196020000.0,41.59,400,41.58,500,41.57,5000,41.56,300,41.55,400,41.61,600,41.67,1000,41.68,1500,41.69,1700,41.7,1300,HOLD
1782093372621,09:56:09,41.61,41.76,42.85,41.0,41.76,4691000.0,196070000.0,41.59,2300,41.58,500,41.57,5000,41.56,300,41.55,400,41.61,200,41.63,800,41.66,2600,41.67,1000,41.68,3500,HOLD
1782093375623,09:56:12,41.61,41.76,42.85,41.0,41.76,4692300.0,196120000.0,41.59,4300,41.58,500,41.57,5000,41.56,300,41.55,400,41.61,600,41.63,1400,41.66,2600,41.67,1000,41.68,3500,HOLD
1782093378624,09:56:15,41.6,41.76,42.85,41.0,41.76,4701800.0,196510000.0,41.57,1300,41.56,300,41.55,400,41.54,600,41.53,1000,41.6,2700,41.61,600,41.63,1400,41.66,2600,41.67,1000,HOLD
1782093381625,09:56:18,41.6,41.76,42.85,41.0,41.76,4703000.0,196560000.0,41.57,1300,41.56,300,41.55,400,41.54,600,41.53,1000,41.6,1500,41.61,600,41.63,1400,41.66,2600,41.67,1000,HOLD
1782093384625,09:56:21,41.6,41.76,42.85,41.0,41.76,4704200.0,196610000.0,41.57,1700,41.56,300,41.55,400,41.54,600,41.53,1000,41.6,500,41.61,600,41.63,1400,41.66,2600,41.67,1000,HOLD
1782093387627,09:56:24,41.6,41.76,42.85,41.0,41.76,4705100.0,196650000.0,41.58,200,41.57,3300,41.56,300,41.55,400,41.54,600,41.6,200,41.61,600,41.63,1400,41.66,2600,41.67,1000,HOLD
1782093390630,09:56:27,41.52,41.76,42.85,41.0,41.76,4727700.0,197590000.0,41.51,2600,41.5,17000,41.49,200,41.48,5900,41.47,300,41.52,900,41.53,22600,41.6,200,41.61,600,41.63,1400,HOLD
1782093393631,09:56:30,41.52,41.76,42.85,41.0,41.76,4738400.0,198040000.0,41.51,3000,41.5,18000,41.49,200,41.48,7900,41.47,300,41.52,400,41.53,15300,41.58,500,41.6,700,41.61,600,HOLD
1782093396632,09:56:33,41.53,41.76,42.85,41.0,41.76,4740600.0,198130000.0,41.52,200,41.51,3100,41.5,18000,41.49,200,41.48,7900,41.53,14600,41.58,500,41.6,700,41.61,600,41.63,600,HOLD
1782093399633,09:56:36,41.53,41.76,42.85,41.0,41.76,4748900.0,198470000.0,41.52,900,41.51,3100,41.5,18000,41.49,200,41.48,7900,41.53,7300,41.57,700,41.58,500,41.6,1200,41.61,500,HOLD
1782093402634,09:56:39,41.53,41.76,42.85,41.0,41.76,4754700.0,198710000.0,41.52,1200,41.51,2400,41.5,17900,41.49,200,41.48,7900,41.53,6000,41.57,700,41.58,500,41.6,1200,41.61,500,HOLD
1782093405627,09:56:42,41.53,41.76,42.85,41.0,41.76,4757700.0,198840000.0,41.52,1400,41.51,2400,41.5,17900,41.49,200,41.48,7900,41.53,3200,41.57,700,41.58,500,41.6,1200,41.61,500,HOLD
1782093408621,09:56:45,41.53,41.76,42.85,41.0,41.76,4764200.0,199110000.0,41.52,1100,41.51,2000,41.5,17900,41.49,200,41.48,7900,41.53,700,41.55,700,41.57,700,41.58,500,41.6,1200,HOLD
1782093411624,09:56:48,41.53,41.76,42.85,41.0,41.76,4764900.0,199140000.0,41.53,400,41.52,1400,41.51,2000,41.5,17900,41.49,200,41.55,700,41.57,700,41.58,500,41.6,1200,41.61,500,HOLD
1782093414624,09:56:51,41.53,41.76,42.85,41.0,41.76,4766900.0,199220000.0,41.52,1400,41.51,1800,41.5,18400,41.49,200,41.48,7900,41.53,1600,41.57,700,41.58,500,41.6,1200,41.61,500,HOLD
1782093417623,09:56:54,41.53,41.76,42.85,41.0,41.76,4768200.0,199270000.0,41.52,600,41.51,1800,41.5,18400,41.49,300,41.48,7900,41.53,1400,41.57,700,41.6,1200,41.61,500,41.66,2600,HOLD
1782093420627,09:56:57,41.57,41.76,42.85,41.0,41.76,4777700.0,199670000.0,41.53,300,41.51,1600,41.5,18400,41.49,300,41.48,7900,41.54,100,41.56,2500,41.57,100,41.59,1000,41.6,1200,HOLD
1782093423628,09:57:00,41.56,41.76,42.85,41.0,41.76,4778700.0,199710000.0,41.53,700,41.52,100,41.51,1600,41.5,18400,41.49,300,41.56,1800,41.6,700,41.61,500,41.66,300,41.67,700,HOLD
1782093426630,09:57:03,41.56,41.76,42.85,41.0,41.76,4778700.0,199710000.0,41.54,200,41.53,6100,41.52,100,41.51,1600,41.5,18400,41.56,1800,41.6,700,41.61,500,41.66,300,41.67,700,HOLD
1782093432631,09:57:09,41.6,41.76,42.85,41.0,41.76,4780800.0,199800000.0,41.56,2700,41.55,100,41.54,2000,41.53,6700,41.52,5100,41.6,400,41.61,600,41.67,700,41.68,1500,41.69,1000,HOLD
1782093435635,09:57:12,41.6,41.76,42.85,41.0,41.76,4783200.0,199900000.0,41.56,700,41.55,200,41.54,2200,41.53,6100,41.52,5100,41.6,300,41.61,600,41.67,700,41.68,1500,41.69,1000,HOLD
1782093438634,09:57:15,41.6,41.76,42.85,41.0,41.76,4783600.0,199910000.0,41.57,200,41.56,900,41.55,200,41.54,2500,41.53,6000,41.61,600,41.67,700,41.68,1500,41.69,1000,41.7,1300,HOLD
1782093441637,09:57:18,41.6,41.76,42.85,41.0,41.76,4783600.0,199910000.0,41.6,200,41.58,5000,41.57,400,41.56,1100,41.55,200,41.61,500,41.67,700,41.68,1500,41.69,1000,41.7,1300,HOLD
1782093444637,09:57:21,41.61,41.76,42.85,41.0,41.76,4785100.0,199980000.0,41.6,1300,41.58,5000,41.57,900,41.56,1100,41.55,100,41.61,1000,41.67,700,41.68,1500,41.69,1000,41.7,1300,HOLD
1782093447638,09:57:24,41.61,41.76,42.85,41.0,41.76,4786300.0,200030000.0,41.6,6400,41.58,5000,41.57,900,41.56,900,41.55,100,41.61,400,41.67,700,41.68,1500,41.69,1000,41.7,1300,HOLD
1782093450640,09:57:27,41.6,41.76,42.85,41.0,41.76,4788200.0,200100000.0,41.6,5500,41.58,5000,41.57,900,41.56,900,41.55,100,41.61,1500,41.66,100,41.67,700,41.68,1500,41.69,1000,HOLD
1782093456640,09:57:33,41.61,41.76,42.85,41.0,41.76,4799000.0,200550000.0,41.6,100,41.59,100,41.58,8500,41.57,400,41.56,900,41.61,300,41.65,100,41.66,100,41.67,700,41.68,1500,HOLD
1782093459642,09:57:36,41.61,41.76,42.85,41.0,41.76,4799500.0,200570000.0,41.6,600,41.59,100,41.58,8500,41.57,400,41.56,900,41.61,200,41.63,700,41.65,100,41.66,100,41.67,700,HOLD
1782093462643,09:57:39,41.61,41.76,42.85,41.0,41.76,4799700.0,200580000.0,41.61,400,41.6,1100,41.59,300,41.58,8500,41.57,400,41.62,100,41.63,700,41.65,100,41.66,100,41.67,700,HOLD
1782093465650,09:57:42,41.62,41.76,42.85,41.0,41.76,4799800.0,200590000.0,41.62,200,41.61,1200,41.6,3500,41.59,300,41.58,8500,41.63,700,41.65,100,41.66,100,41.67,700,41.68,1500,HOLD
1782093468646,09:57:45,41.62,41.76,42.85,41.0,41.76,4800400.0,200610000.0,41.61,1100,41.6,7300,41.59,300,41.58,8500,41.57,200,41.62,3000,41.63,1100,41.65,100,41.66,100,41.67,700,HOLD
1782093471647,09:57:48,41.62,41.76,42.85,41.0,41.76,4801100.0,200640000.0,41.61,1400,41.6,7400,41.59,300,41.58,8500,41.57,200,41.62,2300,41.63,1100,41.65,100,41.66,100,41.67,700,HOLD
1782093474647,09:57:51,41.61,41.76,42.85,41.0,41.76,4806000.0,200840000.0,41.6,4900,41.59,800,41.58,8500,41.57,200,41.56,700,41.61,2700,41.62,1600,41.63,1100,41.65,100,41.66,100,HOLD
1782093477647,09:57:54,41.58,41.76,42.85,41.0,41.76,4815600.0,201240000.0,41.58,5200,41.57,200,41.56,700,41.55,200,41.54,1500,41.59,4200,41.6,1300,41.61,2600,41.62,1800,41.63,1100,HOLD
1782093480649,09:57:57,41.58,41.76,42.85,41.0,41.76,4824500.0,201610000.0,41.57,400,41.56,300,41.55,200,41.54,1500,41.53,5700,41.58,200,41.59,4000,41.6,1300,41.61,2600,41.62,2300,HOLD
1782093483650,09:58:00,41.58,41.76,42.85,41.0,41.76,4825400.0,201650000.0,41.57,300,41.56,300,41.55,200,41.54,1500,41.53,5700,41.58,200,41.59,3700,41.6,2100,41.61,2600,41.62,2300,HOLD
1782093486653,09:58:03,41.59,41.76,42.85,41.0,41.76,4827200.0,201730000.0,41.56,300,41.55,200,41.54,1500,41.53,5700,41.52,100,41.57,200,41.59,2900,41.6,2100,41.61,2200,41.62,2300,HOLD
1782093489653,09:58:06,41.57,41.76,42.85,41.0,41.76,4856100.0,202930000.0,41.53,3000,41.52,100,41.51,6600,41.5,18800,41.49,400,41.57,2800,41.58,2600,41.59,3700,41.6,2100,41.62,2300,HOLD
1782093492653,09:58:09,41.57,41.76,42.85,41.0,41.76,4857700.0,202990000.0,41.53,3000,41.52,100,41.51,6600,41.5,18800,41.49,400,41.57,1200,41.58,200,41.59,3700,41.6,2000,41.62,2300,HOLD
1782093495655,09:58:12,41.53,41.76,42.85,41.0,41.76,4861200.0,203140000.0,41.52,200,41.51,6600,41.5,18800,41.49,400,41.48,8100,41.53,3700,41.57,1200,41.58,100,41.59,3700,41.6,2000,HOLD
1782093498656,09:58:15,41.52,41.76,42.85,41.0,41.76,4862100.0,203180000.0,41.51,6500,41.5,18800,41.49,400,41.48,8100,41.47,300,41.52,400,41.53,3700,41.57,24200,41.58,100,41.59,3700,HOLD
1782093501658,09:58:18,41.52,41.76,42.85,41.0,41.76,4863100.0,203220000.0,41.51,6600,41.5,18800,41.49,400,41.48,8100,41.47,300,41.52,1800,41.53,3700,41.57,24200,41.58,100,41.59,3700,HOLD
1782093504659,09:58:21,41.52,41.76,42.85,41.0,41.76,4863500.0,203240000.0,41.51,11800,41.5,18800,41.49,400,41.48,8100,41.47,300,41.52,1500,41.53,3700,41.57,24200,41.58,100,41.59,3700,HOLD
1782093507660,09:58:24,41.52,41.76,42.85,41.0,41.76,4865200.0,203310000.0,41.51,12500,41.5,18800,41.49,400,41.48,8100,41.47,300,41.52,1500,41.53,3700,41.57,24200,41.58,100,41.59,3700,HOLD
1782093510665,09:58:27,41.51,41.76,42.85,41.0,41.76,4868100.0,203430000.0,41.51,10200,41.5,18800,41.49,400,41.48,8100,41.47,300,41.52,1500,41.53,3700,41.57,24200,41.58,100,41.59,3700,HOLD
1782093513665,09:58:30,41.5,41.76,42.85,41.0,41.76,4892000.0,204420000.0,41.5,6200,41.49,400,41.48,8100,41.47,300,41.46,100,41.51,3500,41.52,1000,41.53,3700,41.57,24200,41.58,100,HOLD
1782093516666,09:58:33,41.5,41.76,42.85,41.0,41.76,4893600.0,204480000.0,41.5,6600,41.49,400,41.48,8100,41.47,300,41.46,100,41.51,2500,41.52,1000,41.53,4200,41.57,1200,41.58,100,HOLD
1782093519667,09:58:36,41.49,41.76,42.85,41.0,41.76,4902800.0,204870000.0,41.49,300,41.48,8100,41.47,300,41.46,100,41.45,1000,41.5,4500,41.51,400,41.52,1000,41.53,4200,41.57,1200,HOLD
1782093522668,09:58:39,41.49,41.76,42.85,41.0,41.76,4905600.0,204980000.0,41.48,8100,41.47,300,41.46,100,41.45,1000,41.44,100,41.49,100,41.5,4300,41.51,400,41.52,700,41.53,4200,HOLD
1782093525674,09:58:42,41.5,41.76,42.85,41.0,41.76,4906300.0,205010000.0,41.49,200,41.48,8100,41.47,300,41.46,100,41.45,1000,41.5,6100,41.51,400,41.52,700,41.53,4200,41.57,1200,HOLD
1782093531672,09:58:48,41.47,41.76,42.85,41.0,41.76,4918400.0,205510000.0,41.45,900,41.44,200,41.42,300,41.41,1900,41.4,12300,41.48,500,41.49,2700,41.5,4100,41.51,300,41.52,700,HOLD
1782093534674,09:58:51,41.45,41.76,42.85,41.0,41.76,4929700.0,205980000.0,41.44,200,41.42,300,41.41,1900,41.4,12600,41.39,100,41.45,3000,41.46,5100,41.47,100,41.49,2900,41.5,4100,HOLD
1782093537675,09:58:54,41.46,41.76,42.85,41.0,41.76,4936000.0,206240000.0,41.44,500,41.42,300,41.41,1900,41.4,12600,41.39,100,41.46,3000,41.49,2900,41.5,4100,41.51,300,41.52,700,HOLD
1782093540678,09:58:57,41.48,41.76,42.85,41.0,41.76,4941500.0,206470000.0,41.47,900,41.46,2900,41.45,300,41.44,700,41.42,300,41.48,1900,41.49,1400,41.5,4100,41.51,300,41.52,700,HOLD
1782093543678,09:59:00,41.48,41.76,42.85,41.0,41.76,4948900.0,206780000.0,41.46,1300,41.41,400,41.4,12600,41.39,100,41.38,1900,41.48,3500,41.49,1400,41.5,4100,41.51,300,41.52,700,HOLD
1782093546684,09:59:03,41.5,41.76,42.85,41.0,41.76,4959100.0,207200000.0,41.5,1000,41.46,700,41.45,100,41.41,400,41.4,12600,41.51,200,41.52,2500,41.53,4200,41.57,1200,41.59,3700,HOLD
1782093549680,09:59:06,41.5,41.76,42.85,41.0,41.76,4960200.0,207250000.0,41.5,200,41.46,700,41.45,100,41.41,400,41.4,12800,41.52,4000,41.53,4200,41.54,100,41.57,1200,41.59,3700,HOLD
1782093552682,09:59:09,41.48,41.76,42.85,41.0,41.76,4961300.0,207290000.0,41.41,500,41.4,12800,41.39,600,41.38,1300,41.36,500,41.48,3600,41.49,400,41.5,20200,41.52,4000,41.53,4200,HOLD
1782093555668,09:59:12,41.48,41.76,42.85,41.0,41.76,4961500.0,207300000.0,41.45,500,41.42,200,41.41,500,41.4,13800,41.39,600,41.48,600,41.49,400,41.5,20000,41.52,4000,41.53,4200,HOLD
1782093558669,09:59:15,41.42,41.76,42.85,41.0,41.76,4963200.0,207370000.0,41.45,100,41.42,400,41.41,1300,41.4,13800,41.39,600,41.48,2100,41.49,400,41.5,20000,41.52,4000,41.53,4200,HOLD
1782093561670,09:59:18,41.45,41.76,42.85,41.0,41.76,4963500.0,207380000.0,41.46,100,41.45,1100,41.42,400,41.41,1300,41.4,13900,41.48,2100,41.49,400,41.5,20200,41.52,4000,41.53,4200,HOLD
1782093564673,09:59:21,41.45,41.76,42.85,41.0,41.76,4964200.0,207410000.0,41.45,500,41.42,1000,41.41,1300,41.4,13800,41.39,600,41.46,1300,41.47,100,41.48,2100,41.49,400,41.5,20200,HOLD
1782093567672,09:59:24,41.45,41.76,42.85,41.0,41.76,4964800.0,207440000.0,41.42,1000,41.41,1300,41.4,13800,41.39,700,41.38,1300,41.46,1300,41.47,100,41.48,2100,41.49,400,41.5,20200,HOLD
1782093570674,09:59:27,41.45,41.76,42.85,41.0,41.76,4965400.0,207460000.0,41.45,200,41.42,2400,41.41,1300,41.4,13800,41.39,600,41.46,1200,41.47,100,41.48,2100,41.49,400,41.5,20200,HOLD
1782093573676,09:59:30,41.46,41.76,42.85,41.0,41.76,4966600.0,207510000.0,41.42,2000,41.41,1300,41.4,14900,41.39,600,41.38,1300,41.46,400,41.47,100,41.48,2100,41.49,400,41.5,20200,HOLD
1782093576678,09:59:33,41.46,41.76,42.85,41.0,41.76,4966900.0,207520000.0,41.43,200,41.42,2700,41.41,5000,41.4,14900,41.39,600,41.45,200,41.46,100,41.47,100,41.48,2100,41.49,400,HOLD
1782093579679,09:59:36,41.45,41.76,42.85,41.0,41.76,4967700.0,207560000.0,41.43,2700,41.42,2500,41.41,5200,41.4,14900,41.39,600,41.45,500,41.46,300,41.47,100,41.48,2100,41.49,400,HOLD
1782093582679,09:59:39,41.46,41.76,42.85,41.0,41.76,4968300.0,207580000.0,41.45,500,41.43,2900,41.42,2500,41.41,5300,41.4,14900,41.46,200,41.47,100,41.48,2100,41.49,400,41.5,20200,HOLD
1782093585684,09:59:42,41.46,41.76,42.85,41.0,41.76,4968800.0,207600000.0,41.45,1200,41.43,2900,41.42,2500,41.41,5300,41.4,14700,41.46,400,41.48,2900,41.49,400,41.5,20400,41.52,4000,HOLD
1782093588682,09:59:45,41.46,41.76,42.85,41.0,41.76,4968900.0,207610000.0,41.45,1600,41.43,2900,41.42,2600,41.41,5300,41.4,14600,41.46,300,41.48,2900,41.49,400,41.5,20400,41.52,4000,HOLD
1782093591684,09:59:48,41.46,41.76,42.85,41.0,41.76,4969400.0,207630000.0,41.46,6300,41.45,1100,41.43,2900,41.42,2600,41.41,5300,41.47,100,41.48,2900,41.49,400,41.5,20400,41.52,4000,HOLD
1782093594685,09:59:51,41.43,41.76,42.85,41.0,41.76,4980600.0,208090000.0,41.42,2600,41.41,5300,41.4,15100,41.39,600,41.38,1700,41.43,100,41.44,100,41.45,300,41.46,8000,41.47,1800,HOLD
1782093597687,09:59:54,41.42,41.76,42.85,41.0,41.76,4987400.0,208370000.0,41.41,5300,41.4,15200,41.39,600,41.38,1700,41.36,500,41.44,1200,41.45,600,41.46,6300,41.47,700,41.48,2200,HOLD
1782093600688,09:59:57,41.38,41.76,42.85,41.0,41.76,5011400.0,209370000.0,41.36,200,41.34,100,41.33,500,41.32,1500,41.31,1800,41.38,3900,41.39,8600,41.4,300,41.41,100,41.42,300,HOLD
