local_time_ms,server_time,price,open,high,low,prev_close,cum_volume,cum_amount,bp1,bv1,bp2,bv2,bp3,bv3,bp4,bv4,bp5,bv5,sp1,sv1,sp2,sv2,sp3,sv3,sp4,sv4,sp5,sv5,signal
1780881904584,09:24:57,40.3,0.0,0.0,0.0,44.0,0.0,0.0,40.3,74100,0.0,500,0.0,0,0.0,0,0.0,0,40.3,74100,0.0,0,0.0,0,0.0,0,0.0,0,HOLD
1780881907455,09:25:00,41.5,41.5,41.5,41.5,44.0,75700.0,3140000.0,41.5,8800,41.49,17000,41.45,2600,41.41,3000,41.21,13600,41.68,300,42.0,43900,42.24,100,42.28,1300,42.46,100,HOLD
1780881964614,09:26:00,41.5,41.5,41.5,41.5,44.0,75700.0,3140000.0,41.5,8800,41.49,17000,41.45,2600,41.41,3000,41.21,13600,41.68,300,42.0,43900,42.24,100,42.28,1300,42.46,100,HOLD
1780882025168,09:27:00,41.5,41.5,41.5,41.5,44.0,75700.0,3140000.0,41.5,8800,41.49,17000,41.45,2600,41.41,3000,41.21,13600,41.68,300,42.0,43900,42.24,100,42.28,1300,42.46,100,HOLD
1780882085317,09:28:00,41.5,41.5,41.5,41.5,44.0,75700.0,3140000.0,41.5,8800,41.49,17000,41.45,2600,41.41,3000,41.21,13600,41.68,300,42.0,43900,42.24,100,42.28,1300,42.46,100,HOLD
1780882145483,09:29:00,41.5,41.5,41.5,41.5,44.0,75700.0,3140000.0,41.5,8800,41.49,17000,41.45,2600,41.41,3000,41.21,13600,41.68,300,42.0,43900,42.24,100,42.28,1300,42.46,100,HOLD
1780882205618,09:30:00,42.0,41.5,42.46,41.5,44.0,203300.0,8510000.0,42.0,1400,41.74,100,41.72,300,41.7,2300,41.68,5600,42.23,8000,42.46,3600,42.5,1200,42.51,100,42.58,200,HOLD
1780882208616,09:30:03,41.68,41.5,42.46,41.5,44.0,337900.0,14150000.0,41.68,6700,41.64,700,41.61,500,41.56,500,41.55,100,41.9,300,41.92,200,41.94,1100,41.96,2400,41.98,800,HOLD
1780882211615,09:30:06,41.78,41.5,42.46,41.5,44.0,377300.0,15800000.0,41.7,100,41.68,2200,41.51,12600,41.5,23700,41.49,200,41.78,100,41.79,600,41.89,4100,41.9,2200,41.94,1300,HOLD
1780882214626,09:30:09,41.7,41.5,42.46,41.5,44.0,420100.0,17580000.0,41.71,14100,41.51,4100,41.5,23900,41.49,400,41.45,2600,41.75,100,41.8,200,41.89,4100,41.9,16200,41.94,4200,HOLD
1780882217641,09:30:15,41.67,41.5,42.46,41.5,44.0,480800.0,20110000.0,41.51,3300,41.5,14400,41.49,400,41.45,2600,41.42,200,41.66,100,41.67,400,41.69,3700,41.7,3300,41.71,8500,HOLD
1780882220658,09:30:18,41.52,41.5,42.46,41.5,44.0,491900.0,20570000.0,41.52,2900,41.51,1000,41.5,14400,41.49,400,41.45,2600,41.59,1200,41.68,300,41.69,3400,41.7,4100,41.71,8700,HOLD
1780882223664,09:30:21,41.52,41.5,42.46,41.5,44.0,497700.0,20810000.0,41.52,900,41.51,1100,41.5,14400,41.49,400,41.45,2600,41.68,700,41.69,3400,41.7,4900,41.71,8700,41.72,2200,HOLD
1780882229665,09:30:27,41.66,41.5,42.46,41.5,44.0,542200.0,22670000.0,41.59,100,41.52,3200,41.51,1300,41.5,14600,41.49,400,41.66,7100,41.72,900,41.75,500,41.78,100,41.79,500,HOLD
1780882235673,09:30:33,41.59,41.5,42.46,41.5,44.0,557700.0,23310000.0,41.53,1300,41.52,1000,41.5,15400,41.49,400,41.45,2600,41.65,3100,41.66,8900,41.68,3000,41.71,300,41.72,900,HOLD
1780882238687,09:30:36,41.69,41.5,42.46,41.5,44.0,576300.0,24080000.0,41.69,16800,41.65,400,41.53,1400,41.51,200,41.5,17400,41.71,300,41.72,900,41.75,500,41.78,100,41.79,500,HOLD
1780882241700,09:30:39,41.75,41.5,42.46,41.5,44.0,580100.0,24240000.0,41.75,2700,41.73,300,41.72,2900,41.71,4800,41.69,17400,41.78,200,41.89,200,41.9,15600,41.98,100,41.99,100,HOLD
1780882247711,09:30:42,41.82,41.5,42.46,41.5,44.0,606400.0,25340000.0,41.83,100,41.82,4100,41.78,2300,41.76,700,41.75,3600,42.0,1600,42.02,100,42.22,100,42.23,24800,42.4,300,HOLD
1780882250721,09:30:45,41.84,41.5,42.46,41.5,44.0,612300.0,25590000.0,41.84,700,41.83,1300,41.82,2800,41.78,1900,41.75,1400,42.02,100,42.2,300,42.22,100,42.23,24800,42.4,300,HOLD
1780882253729,09:30:51,42.02,41.5,42.46,41.5,44.0,619000.0,25870000.0,42.02,500,42.01,100,42.0,400,41.87,600,41.86,7000,42.2,300,42.22,100,42.23,24800,42.4,300,42.42,100,HOLD
1780882259737,09:30:57,42.2,41.5,42.46,41.5,44.0,623600.0,26060000.0,42.25,20000,42.2,10300,42.1,100,42.03,800,42.02,2400,42.4,300,42.42,100,42.46,4200,42.5,14100,42.51,100,HOLD
1780882262750,09:31:00,42.26,41.5,42.46,41.5,44.0,628600.0,26280000.0,42.26,100,42.25,20400,42.2,10500,42.19,5000,42.1,100,42.39,6200,42.4,300,42.42,100,42.46,4200,42.5,14100,HOLD
1780882268768,09:31:03,42.4,41.5,42.46,41.5,44.0,642500.0,26860000.0,42.41,6200,42.4,400,42.25,18100,42.21,300,42.2,10400,42.42,100,42.46,4400,42.5,14100,42.51,100,42.58,1900,HOLD
1780882271771,09:31:09,42.41,41.5,42.46,41.5,44.0,671600.0,28100000.0,42.4,100,42.39,200,42.26,700,42.25,12300,42.2,10300,42.41,16600,42.46,4400,42.5,14100,42.51,100,42.58,1900,HOLD
1780882277790,09:31:12,42.25,41.5,42.46,41.5,44.0,676400.0,28300000.0,42.25,11400,42.2,10300,42.19,100,42.03,2000,42.02,3900,42.36,100,42.4,7100,42.41,12700,42.46,4400,42.5,14100,HOLD
1780882280799,09:31:18,42.23,41.5,42.46,41.5,44.0,721300.0,30200000.0,42.23,200,42.2,10900,42.19,200,42.03,2000,42.02,3800,42.24,5300,42.25,4400,42.36,400,42.4,4600,42.41,8900,HOLD
1780882286826,09:31:21,42.26,41.5,42.46,41.5,44.0,745100.0,31200000.0,42.26,8000,42.24,200,42.22,200,42.21,900,42.2,5000,42.36,400,42.4,4600,42.41,5800,42.42,700,42.44,100,HOLD
1780882289826,09:31:27,42.3,41.5,42.46,41.5,44.0,800200.0,33530000.0,42.28,8700,42.27,3400,42.26,7100,42.25,1300,42.24,900,42.3,100,42.35,1300,42.36,3700,42.39,300,42.4,4800,HOLD
1780882295837,09:31:30,42.29,41.5,42.46,41.5,44.0,803400.0,33670000.0,42.28,9300,42.27,3500,42.26,10100,42.25,1100,42.24,200,42.29,3500,42.35,1300,42.36,3700,42.39,300,42.4,8100,HOLD
1780882298843,09:31:36,42.4,41.5,42.46,41.5,44.0,835000.0,35010000.0,42.36,200,42.3,300,42.29,5300,42.28,2600,42.27,3500,42.4,800,42.41,800,42.42,700,42.44,100,42.46,700,HOLD
1780882304858,09:31:42,42.43,41.5,42.46,41.5,44.0,845700.0,35460000.0,42.46,500,42.43,100,42.42,700,42.41,3600,42.4,4700,42.5,2300,42.51,100,42.58,1900,42.75,200,42.88,9700,HOLD
1780882307864,09:31:45,42.51,41.5,42.58,41.5,44.0,854900.0,35850000.0,42.51,1600,42.5,3800,42.47,500,42.46,1200,42.44,100,42.75,200,42.88,9700,42.9,100,43.0,8700,43.1,100,HOLD
1780882313870,09:31:51,42.41,41.5,42.75,41.5,44.0,884100.0,37090000.0,42.41,800,42.4,10100,42.38,100,42.36,1500,42.35,8000,42.46,120600,42.73,700,42.74,4000,42.75,11300,42.88,9700,HOLD
1780882316879,09:31:54,42.42,41.5,42.75,41.5,44.0,911400.0,38250000.0,42.42,100,42.41,400,42.4,8400,42.38,100,42.36,1500,42.45,12100,42.46,106300,42.53,100,42.73,300,42.74,3900,HOLD
1780882319888,09:31:57,42.46,41.5,42.75,41.5,44.0,958000.0,40230000.0,42.45,3200,42.41,1400,42.4,7600,42.38,100,42.36,1100,42.46,79900,42.53,3600,42.68,1900,42.7,700,42.73,300,HOLD
1780882325907,09:32:03,42.53,41.5,42.75,41.5,44.0,1058200.0,44480000.0,42.67,400,42.53,32900,42.5,25100,42.48,9500,42.46,23400,42.68,1900,42.7,700,42.73,300,42.74,3900,42.75,24400,HOLD
1780882331927,09:32:09,42.74,41.5,42.75,41.5,44.0,1078500.0,45350000.0,42.74,400,42.73,700,42.71,7400,42.68,8700,42.67,1100,42.75,10800,42.8,1000,42.88,1100,42.9,100,43.0,9400,HOLD
1780882337998,09:32:12,42.72,41.5,42.75,41.5,44.0,1104100.0,46450000.0,42.68,2300,42.67,1100,42.53,400,42.5,25100,42.48,400,42.72,2400,42.73,3700,42.75,2800,42.8,1000,42.87,500,HOLD
1780882340951,09:32:18,42.53,41.5,42.75,41.5,44.0,1122600.0,47230000.0,42.54,100,42.51,100,42.5,100,42.48,400,42.46,6000,42.59,200,42.6,2600,42.65,6300,42.66,2300,42.67,7600,HOLD
1780882343961,09:32:21,42.5,41.5,42.75,41.5,44.0,1126100.0,47380000.0,42.5,200,42.48,400,42.46,5700,42.45,3600,42.42,200,42.54,2400,42.6,2600,42.65,6300,42.66,1800,42.67,6700,HOLD
1780882349980,09:32:24,42.5,41.5,42.75,41.5,44.0,1153900.0,48570000.0,42.5,10500,42.48,200,42.46,4700,42.45,3600,42.42,200,42.54,100,42.6,7000,42.65,6300,42.66,1600,42.67,9600,HOLD
1780882352982,09:32:27,42.55,41.5,42.75,41.5,44.0,1214900.0,51160000.0,42.54,500,42.51,24900,42.5,10500,42.48,400,42.46,4200,42.65,6000,42.66,1600,42.67,9600,42.68,3900,42.7,8600,HOLD
1780882355989,09:32:30,42.55,41.5,42.75,41.5,44.0,1219300.0,51350000.0,42.55,300,42.54,2100,42.51,200,42.5,10100,42.48,400,42.6,100,42.64,1600,42.65,5500,42.66,1600,42.67,9600,HOLD
1780882359000,09:32:36,42.52,41.5,42.75,41.5,44.0,1241300.0,52280000.0,42.5,200,42.48,1000,42.46,3800,42.45,3500,42.42,200,42.53,600,42.54,100,42.55,1800,42.59,100,42.6,100,HOLD
1780882362013,09:32:39,42.5,41.5,42.75,41.5,44.0,1249400.0,52630000.0,42.45,2100,42.42,200,42.41,5200,42.4,4100,42.38,100,42.49,100,42.5,1200,42.51,3400,42.52,500,42.53,600,HOLD
1780882368032,09:32:45,42.45,41.5,42.75,41.5,44.0,1273000.0,53630000.0,42.4,4100,42.38,100,42.33,600,42.3,100,42.29,1600,42.45,3500,42.5,600,42.52,600,42.54,64300,42.55,2500,HOLD
1780882371033,09:32:48,42.4,41.5,42.75,41.5,44.0,1282200.0,54020000.0,42.4,3900,42.38,100,42.33,600,42.3,100,42.29,1600,42.5,2900,42.52,600,42.54,63800,42.55,2500,42.6,300,HOLD
1780882374049,09:32:51,42.39,41.5,42.75,41.5,44.0,1289100.0,54310000.0,42.33,500,42.3,200,42.29,1600,42.28,1100,42.27,400,42.4,1200,42.43,1500,42.45,400,42.48,15100,42.5,2900,HOLD
1780882380061,09:32:54,42.37,41.5,42.75,41.5,44.0,1295700.0,54590000.0,42.29,1500,42.28,1100,42.27,400,42.26,3000,42.25,2100,42.37,100,42.4,3700,42.43,1500,42.45,300,42.48,15100,HOLD
1780882383065,09:32:57,42.45,41.5,42.75,41.5,44.0,1302600.0,54880000.0,42.45,200,42.43,1900,42.3,2000,42.29,1700,42.28,1100,42.48,15100,42.5,200,42.52,1100,42.54,60700,42.55,2500,HOLD
1780882386078,09:33:00,42.37,41.5,42.75,41.5,44.0,1307900.0,55110000.0,42.37,500,42.33,500,42.29,1000,42.28,1100,42.27,400,42.44,4900,42.45,5200,42.46,200,42.47,3200,42.48,14800,HOLD
1780882389093,09:33:06,42.53,41.5,42.75,41.5,44.0,1360500.0,57340000.0,42.53,2900,42.52,4100,42.5,100,42.48,500,42.43,600,42.54,35000,42.55,2500,42.6,300,42.65,5500,42.66,100,HOLD
1780882392106,09:33:09,42.54,41.5,42.75,41.5,44.0,1377500.0,58070000.0,42.52,2700,42.5,100,42.48,500,42.44,800,42.43,600,42.54,23000,42.55,2500,42.6,300,42.65,5500,42.66,100,HOLD
1780882395115,09:33:12,42.59,41.5,42.75,41.5,44.0,1424400.0,60060000.0,42.56,100,42.54,3100,42.53,3800,42.5,100,42.49,3000,42.63,2400,42.69,7600,42.7,1100,42.72,600,42.73,3800,HOLD
1780882401133,09:33:18,42.58,41.5,42.75,41.5,44.0,1429200.0,60270000.0,42.6,100,42.58,1900,42.57,600,42.56,100,42.54,5400,42.63,500,42.69,7600,42.7,1100,42.72,600,42.73,3800,HOLD
1780882404145,09:33:21,42.58,41.5,42.75,41.5,44.0,1434000.0,60470000.0,42.58,900,42.57,500,42.56,100,42.54,5400,42.53,3800,42.63,1400,42.69,6700,42.7,1100,42.72,600,42.73,3800,HOLD
1780882407155,09:33:24,42.57,41.5,42.75,41.5,44.0,1444500.0,60920000.0,42.54,5400,42.53,300,42.51,300,42.5,200,42.49,3000,42.57,400,42.58,1900,42.6,10500,42.63,1900,42.69,6700,HOLD
1780882413167,09:33:27,42.49,41.5,42.75,41.5,44.0,1455600.0,61390000.0,42.44,2700,42.43,200,42.41,300,42.4,5100,42.38,200,42.49,800,42.5,400,42.51,400,42.54,1500,42.55,200,HOLD
1780882416178,09:33:30,42.51,41.5,42.75,41.5,44.0,1461600.0,61650000.0,42.51,200,42.49,300,42.48,1500,42.46,1200,42.44,2500,42.56,100,42.57,1200,42.58,1400,42.6,2400,42.63,1900,HOLD
1780882419192,09:33:36,42.57,41.5,42.75,41.5,44.0,1499300.0,63250000.0,42.61,100,42.56,500,42.54,1800,42.51,100,42.5,100,42.69,2300,42.7,800,42.72,600,42.73,3800,42.74,1300,HOLD
1780882422199,09:33:39,42.57,41.5,42.75,41.5,44.0,1503300.0,63420000.0,42.57,2700,42.56,300,42.54,1400,42.51,200,42.5,100,42.69,1300,42.7,800,42.72,600,42.73,3800,42.74,1300,HOLD
1780882425199,09:33:42,42.57,41.5,42.75,41.5,44.0,1509500.0,63680000.0,42.56,400,42.54,4400,42.51,5700,42.5,100,42.49,5100,42.57,7000,42.67,500,42.68,1000,42.69,1300,42.7,1000,HOLD
1780882428202,09:33:45,42.57,41.5,42.75,41.5,44.0,1514700.0,63910000.0,42.56,700,42.54,4400,42.51,5700,42.5,500,42.49,5200,42.57,3600,42.58,300,42.61,1000,42.67,500,42.68,1100,HOLD
1780882431210,09:33:48,42.56,41.5,42.75,41.5,44.0,1525100.0,64350000.0,42.54,1300,42.51,5700,42.5,1000,42.49,5200,42.46,1000,42.56,6200,42.58,200,42.6,2500,42.61,100,42.67,100,HOLD
1780882434220,09:33:51,42.56,41.5,42.75,41.5,44.0,1539000.0,64940000.0,42.54,500,42.51,5700,42.5,1000,42.49,5200,42.46,1000,42.56,2700,42.6,1000,42.61,100,42.67,100,42.68,1200,HOLD
1780882440233,09:33:54,42.44,41.5,42.75,41.5,44.0,1555600.0,65650000.0,42.44,100,42.43,2500,42.42,300,42.4,8900,42.38,200,42.45,800,42.48,300,42.52,1200,42.53,1000,42.54,3200,HOLD
1780882443236,09:34:00,42.35,41.5,42.75,41.5,44.0,1578300.0,66610000.0,42.34,500,42.31,200,42.29,1000,42.28,1300,42.27,100,42.35,1900,42.38,900,42.43,3800,42.44,2900,42.51,16500,HOLD
1780882446243,09:34:03,42.44,41.5,42.75,41.5,44.0,1607500.0,67850000.0,42.44,1200,42.39,3500,42.38,2800,42.35,200,42.34,500,42.51,800,42.53,1100,42.54,7000,42.56,3100,42.57,300,HOLD
1780882449248,09:34:06,42.39,41.5,42.75,41.5,44.0,1615100.0,68170000.0,42.39,1000,42.38,2800,42.35,100,42.34,500,42.31,200,42.44,300,42.51,800,42.53,400,42.54,7000,42.56,3100,HOLD
1780882452266,09:34:09,42.34,41.5,42.75,41.5,44.0,1625000.0,68590000.0,42.31,200,42.29,1000,42.28,1300,42.27,100,42.26,3000,42.44,500,42.51,800,42.53,400,42.54,6900,42.55,100,HOLD
1780882458270,09:34:15,42.31,41.5,42.75,41.5,44.0,1634000.0,68970000.0,42.32,100,42.31,1400,42.3,300,42.29,1000,42.28,1300,42.34,2400,42.38,400,42.39,1600,42.43,100,42.51,800,HOLD
1780882464281,09:34:21,42.31,41.5,42.75,41.5,44.0,1644300.0,69410000.0,42.3,4300,42.29,1000,42.28,1300,42.27,100,42.26,3000,42.31,12700,42.32,400,42.38,300,42.39,9600,42.43,100,HOLD
1780882467284,09:34:24,42.29,41.5,42.75,41.5,44.0,1661300.0,70130000.0,42.28,3800,42.27,100,42.26,3000,42.25,4500,42.24,500,42.29,7900,42.31,8200,42.38,300,42.39,9600,42.44,200,HOLD
1780882470284,09:34:27,42.3,41.5,42.75,41.5,44.0,1672200.0,70590000.0,42.28,2800,42.27,100,42.26,3000,42.25,4500,42.24,500,42.31,7800,42.32,2000,42.38,1300,42.39,9600,42.44,200,HOLD
1780882473286,09:34:30,42.28,41.5,42.75,41.5,44.0,1681900.0,71000000.0,42.26,1400,42.25,4500,42.24,500,42.23,600,42.22,200,42.28,1300,42.29,700,42.31,5000,42.32,2000,42.36,500,HOLD
1780882476288,09:34:33,42.39,41.5,42.75,41.5,44.0,1696600.0,71620000.0,42.31,16100,42.28,1600,42.27,5000,42.26,1400,42.25,4500,42.39,1300,42.44,1600,42.5,300,42.51,3100,42.53,200,HOLD
1780882479299,09:34:36,42.31,41.5,42.75,41.5,44.0,1705000.0,71980000.0,42.39,100,42.31,13200,42.28,1300,42.27,200,42.26,1400,42.49,200,42.5,200,42.51,3100,42.53,200,42.54,800,HOLD
1780882482313,09:34:39,42.4,41.5,42.75,41.5,44.0,1705300.0,71990000.0,42.4,3300,42.39,100,42.31,13400,42.28,1300,42.27,200,42.48,100,42.49,200,42.5,1700,42.51,3100,42.53,200,HOLD
1780882485329,09:34:42,42.38,41.5,42.75,41.5,44.0,1710500.0,72210000.0,42.31,13400,42.28,1600,42.27,200,42.26,1400,42.25,4500,42.38,100,42.39,300,42.4,200,42.48,1200,42.5,1700,HOLD
1780882491340,09:34:45,42.29,41.5,42.75,41.5,44.0,1726100.0,72870000.0,42.28,1600,42.27,200,42.26,1400,42.25,4500,42.24,500,42.29,300,42.36,100,42.38,2000,42.39,3000,42.4,4900,HOLD
1780882494346,09:34:51,42.31,41.5,42.75,41.5,44.0,1741200.0,73510000.0,42.29,200,42.28,700,42.24,500,42.23,600,42.22,300,42.38,1800,42.39,3000,42.4,5200,42.46,100,42.47,100,HOLD
1780882497363,09:34:54,42.29,41.5,42.75,41.5,44.0,1745300.0,73680000.0,42.28,800,42.24,500,42.23,600,42.22,300,42.2,11000,42.29,2900,42.37,3100,42.38,1800,42.39,3000,42.4,7200,HOLD
1780882500373,09:34:57,42.29,41.5,42.75,41.5,44.0,1749100.0,73840000.0,42.29,200,42.28,1200,42.24,500,42.23,600,42.22,400,42.37,3100,42.38,2100,42.39,3000,42.4,7500,42.47,100,HOLD
1780882503387,09:35:00,42.3,41.5,42.75,41.5,44.0,1757000.0,74180000.0,42.3,2700,42.29,2100,42.28,1200,42.24,500,42.23,400,42.35,400,42.36,200,42.37,2500,42.38,2100,42.39,3000,HOLD
1780882506387,09:35:03,42.3,41.5,42.75,41.5,44.0,1762900.0,74430000.0,42.28,700,42.24,500,42.23,400,42.22,400,42.2,11000,42.3,700,42.35,900,42.36,2200,42.37,2500,42.38,2100,HOLD
1780882512428,09:35:06,42.29,41.5,42.75,41.5,44.0,1765600.0,74540000.0,42.24,500,42.23,400,42.22,400,42.2,11000,42.18,100,42.27,100,42.29,1200,42.3,5300,42.35,900,42.36,2200,HOLD
1780882515413,09:35:12,42.3,41.5,42.75,41.5,44.0,1772300.0,74820000.0,42.28,800,42.25,1500,42.24,1700,42.23,400,42.22,400,42.3,2700,42.35,900,42.36,2300,42.37,2300,42.38,2100,HOLD
1780882521444,09:35:18,42.3,41.5,42.75,41.5,44.0,1783500.0,75300000.0,42.3,4300,42.28,500,42.26,300,42.25,500,42.24,2400,42.36,2200,42.37,2300,42.38,2100,42.39,3000,42.4,6300,HOLD
1780882524458,09:35:21,42.31,41.5,42.75,41.5,44.0,1784800.0,75350000.0,42.3,4600,42.28,800,42.24,2400,42.23,400,42.22,300,42.36,2100,42.37,2300,42.38,2100,42.39,5400,42.4,6300,HOLD
1780882527457,09:35:24,42.3,41.5,42.75,41.5,44.0,1786100.0,75410000.0,42.32,100,42.31,100,42.3,4000,42.28,2700,42.24,2400,42.35,100,42.36,1000,42.37,2300,42.38,2100,42.39,5400,HOLD
1780882533460,09:35:30,42.36,41.5,42.75,41.5,44.0,1789700.0,75560000.0,42.3,5000,42.28,2500,42.25,1200,42.24,2400,42.23,400,42.36,600,42.37,2300,42.38,2100,42.39,5400,42.4,6200,HOLD
1780882536463,09:35:33,42.4,41.5,42.75,41.5,44.0,1810700.0,76450000.0,42.4,2000,42.39,100,42.36,100,42.35,400,42.32,100,42.47,100,42.49,500,42.5,2600,42.51,1200,42.53,100,HOLD
1780882539473,09:35:36,42.4,41.5,42.75,41.5,44.0,1811500.0,76480000.0,42.4,2800,42.36,600,42.35,600,42.31,800,42.3,4400,42.49,500,42.5,2200,42.51,1200,42.53,100,42.54,800,HOLD
1780882542473,09:35:39,42.3,41.5,42.75,41.5,44.0,1825600.0,77080000.0,42.41,700,42.4,700,42.31,200,42.3,4200,42.28,2900,42.59,1600,42.6,1100,42.61,100,42.7,1500,42.72,900,HOLD
1780882548497,09:35:45,42.59,41.5,42.75,41.5,44.0,1827700.0,77170000.0,42.53,700,42.42,1900,42.41,1000,42.4,2100,42.3,4200,42.59,1400,42.6,1100,42.61,100,42.7,3100,42.72,900,HOLD
1780882551500,09:35:48,42.59,41.5,42.75,41.5,44.0,1830200.0,77280000.0,42.53,700,42.5,100,42.49,100,42.42,1900,42.4,2000,42.59,2600,42.6,1100,42.61,100,42.7,3100,42.72,900,HOLD
1780882554511,09:35:51,42.54,41.5,42.75,41.5,44.0,1831700.0,77340000.0,42.54,1800,42.53,600,42.5,100,42.49,500,42.42,1900,42.59,2200,42.6,1100,42.61,100,42.7,3100,42.72,900,HOLD
1780882557514,09:35:54,42.53,41.5,42.75,41.5,44.0,1834600.0,77460000.0,42.5,400,42.49,400,42.47,100,42.42,1900,42.4,2000,42.53,400,42.54,2300,42.58,1000,42.59,1800,42.6,1100,HOLD
1780882560523,09:35:57,42.52,41.5,42.75,41.5,44.0,1835500.0,77500000.0,42.49,400,42.47,100,42.42,1900,42.4,2000,42.39,500,42.54,900,42.56,300,42.58,1000,42.59,1800,42.6,1100,HOLD
1780882566537,09:36:03,42.49,41.5,42.75,41.5,44.0,1855100.0,78330000.0,42.39,200,42.38,3200,42.37,300,42.36,800,42.35,1600,42.5,800,42.52,3400,42.53,100,42.54,1900,42.56,300,HOLD
1780882569539,09:36:06,42.53,41.5,42.75,41.5,44.0,1862900.0,78660000.0,42.48,500,42.47,1000,42.46,1100,42.42,2000,42.4,1000,42.53,800,42.54,2900,42.56,300,42.57,1000,42.58,1000,HOLD
1780882572566,09:36:09,42.49,41.5,42.75,41.5,44.0,1866900.0,78830000.0,42.49,700,42.48,500,42.42,2000,42.4,1000,42.39,700,42.52,3000,42.54,3400,42.56,300,42.57,1000,42.58,1000,HOLD
1780882575567,09:36:12,42.52,41.5,42.75,41.5,44.0,1867200.0,78850000.0,42.49,600,42.48,500,42.44,100,42.42,2000,42.4,1000,42.52,4700,42.54,3400,42.56,300,42.57,1000,42.58,1000,HOLD
1780882578574,09:36:15,42.49,41.5,42.75,41.5,44.0,1877700.0,79290000.0,42.45,8100,42.44,4900,42.42,2000,42.4,1200,42.39,400,42.49,700,42.52,4000,42.54,3400,42.56,300,42.57,1000,HOLD
1780882581584,09:36:18,42.38,41.5,42.75,41.5,44.0,1901600.0,80310000.0,42.37,200,42.36,900,42.35,1400,42.34,400,42.24,2500,42.38,1800,42.44,100,42.46,6500,42.47,5600,42.48,2400,HOLD
1780882584588,09:36:21,42.54,41.5,42.75,41.5,44.0,1946700.0,82220000.0,42.54,1800,42.53,2300,42.52,1000,42.47,3100,42.46,1000,42.57,1000,42.58,1000,42.59,3500,42.6,2000,42.61,100,HOLD
1780882587600,09:36:24,42.57,41.5,42.75,41.5,44.0,1949800.0,82350000.0,42.58,1500,42.57,900,42.54,300,42.52,200,42.46,1000,42.59,3500,42.6,2000,42.61,100,42.69,1800,42.7,3300,HOLD
1780882590599,09:36:27,42.54,41.5,42.75,41.5,44.0,1953100.0,82490000.0,42.54,200,42.52,300,42.46,900,42.38,1300,42.37,200,42.58,800,42.59,4300,42.6,2000,42.61,100,42.69,1800,HOLD
1780882596612,09:36:33,42.58,41.5,42.75,41.5,44.0,1963800.0,82950000.0,42.61,100,42.6,100,42.59,200,42.58,800,42.57,900,42.69,1800,42.7,3300,42.72,600,42.73,3700,42.75,4100,HOLD
1780882599623,09:36:36,42.58,41.5,42.75,41.5,44.0,1964900.0,83000000.0,42.57,1500,42.56,100,42.52,100,42.46,900,42.39,2000,42.6,600,42.69,1800,42.7,3300,42.72,600,42.73,3700,HOLD
1780882602636,09:36:39,42.69,41.5,42.75,41.5,44.0,1966300.0,83060000.0,42.61,600,42.6,500,42.59,1400,42.58,100,42.57,1500,42.69,1000,42.7,3100,42.72,600,42.73,3700,42.75,4100,HOLD
1780882605639,09:36:42,42.69,41.5,42.75,41.5,44.0,1967100.0,83090000.0,42.64,200,42.63,200,42.62,100,42.61,600,42.6,700,42.69,500,42.7,3100,42.72,600,42.73,3700,42.75,4900,HOLD
1780882611658,09:36:48,42.69,41.5,42.75,41.5,44.0,1969500.0,83190000.0,42.64,200,42.63,300,42.62,100,42.61,700,42.6,700,42.65,200,42.69,5200,42.7,2900,42.72,600,42.73,3700,HOLD
1780882614667,09:36:51,42.63,41.5,42.75,41.5,44.0,1970600.0,83240000.0,42.62,100,42.61,700,42.6,900,42.59,500,42.58,100,42.63,2000,42.64,100,42.65,500,42.69,5200,42.7,2900,HOLD
1780882617678,09:36:54,42.6,41.5,42.75,41.5,44.0,1973600.0,83370000.0,42.59,100,42.58,1100,42.57,1100,42.56,100,42.54,100,42.6,1300,42.61,300,42.62,7200,42.63,6100,42.64,100,HOLD
1780882620682,09:36:57,42.51,41.5,42.75,41.5,44.0,1980600.0,83670000.0,42.5,300,42.47,100,42.46,500,42.45,300,42.4,300,42.51,1900,42.59,300,42.6,2000,42.61,200,42.62,11900,HOLD
1780882623691,09:37:00,42.46,41.5,42.75,41.5,44.0,1982700.0,83750000.0,42.45,600,42.44,200,42.43,100,42.4,300,42.39,2400,42.5,4500,42.51,1900,42.59,400,42.6,2100,42.61,200,HOLD
1780882626695,09:37:03,42.43,41.5,42.75,41.5,44.0,1985200.0,83860000.0,42.4,1600,42.39,1200,42.38,2700,42.37,200,42.35,100,42.43,3800,42.44,100,42.45,1100,42.5,6500,42.51,1900,HOLD
1780882632711,09:37:09,42.36,41.5,42.75,41.5,44.0,1992900.0,84190000.0,42.31,400,42.3,1200,42.24,2600,42.23,200,42.22,300,42.36,200,42.37,100,42.39,400,42.4,200,42.44,100,HOLD
1780882635710,09:37:12,42.31,41.5,42.75,41.5,44.0,1998200.0,84410000.0,42.31,700,42.3,1200,42.24,2600,42.23,200,42.22,300,42.4,100,42.44,100,42.45,600,42.5,6200,42.51,1900,HOLD
1780882641732,09:37:18,42.31,41.5,42.75,41.5,44.0,1999400.0,84460000.0,42.3,1800,42.24,2700,42.23,200,42.22,300,42.2,11500,42.31,1400,42.36,200,42.38,400,42.4,100,42.44,100,HOLD
1780882644739,09:37:21,42.3,41.5,42.75,41.5,44.0,2005100.0,84700000.0,42.27,600,42.26,800,42.25,1000,42.24,2300,42.23,200,42.3,26900,42.31,1400,42.36,200,42.38,400,42.4,100,HOLD
1780882647746,09:37:24,42.29,41.5,42.75,41.5,44.0,2009300.0,84880000.0,42.24,700,42.23,200,42.22,300,42.2,11200,42.18,3300,42.29,100,42.3,27400,42.31,1400,42.36,200,42.38,400,HOLD
1780882650761,09:37:27,42.3,41.5,42.75,41.5,44.0,2010000.0,84910000.0,42.25,200,42.24,900,42.23,200,42.22,300,42.21,200,42.29,200,42.3,27000,42.31,1700,42.36,200,42.38,400,HOLD
1780882653776,09:37:30,42.29,41.5,42.75,41.5,44.0,2011600.0,84980000.0,42.26,100,42.25,300,42.23,200,42.22,300,42.21,200,42.3,27000,42.31,1700,42.38,400,42.4,100,42.5,6700,HOLD
1780882656787,09:37:33,42.29,41.5,42.75,41.5,44.0,2012100.0,85000000.0,42.29,1700,42.26,400,42.25,400,42.24,100,42.23,200,42.3,26900,42.31,1700,42.38,400,42.4,100,42.5,6700,HOLD
1780882662810,09:37:39,42.29,41.5,42.75,41.5,44.0,2014800.0,85110000.0,42.27,800,42.26,200,42.25,500,42.24,300,42.23,300,42.29,3000,42.3,27200,42.31,1700,42.38,400,42.4,100,HOLD
1780882665813,09:37:42,42.29,41.5,42.75,41.5,44.0,2015300.0,85130000.0,42.27,800,42.26,200,42.25,700,42.24,300,42.23,400,42.29,2500,42.3,27100,42.31,1700,42.38,400,42.4,100,HOLD
1780882668819,09:37:45,42.29,41.5,42.75,41.5,44.0,2016300.0,85180000.0,42.27,1300,42.26,200,42.25,700,42.24,300,42.23,400,42.29,1800,42.3,27100,42.31,1700,42.38,400,42.4,100,HOLD
1780882671833,09:37:48,42.28,41.5,42.75,41.5,44.0,2018800.0,85280000.0,42.28,600,42.27,1200,42.26,200,42.25,700,42.24,400,42.29,300,42.3,27100,42.31,1700,42.38,400,42.4,100,HOLD
1780882677851,09:37:54,42.27,41.5,42.75,41.5,44.0,2027300.0,85640000.0,42.26,200,42.25,700,42.24,400,42.23,400,42.22,300,42.27,100,42.28,300,42.3,24900,42.31,300,42.38,400,HOLD
1780882680858,09:37:57,42.26,41.5,42.75,41.5,44.0,2027700.0,85660000.0,42.26,100,42.25,700,42.24,400,42.23,400,42.22,300,42.28,100,42.3,24900,42.31,300,42.38,400,42.4,500,HOLD
1780882683859,09:38:00,42.25,41.5,42.75,41.5,44.0,2029500.0,85730000.0,42.25,100,42.24,400,42.23,400,42.22,300,42.21,500,42.26,500,42.27,100,42.3,24900,42.31,300,42.38,400,HOLD
1780882686876,09:38:03,42.28,41.5,42.75,41.5,44.0,2031200.0,85810000.0,42.25,300,42.24,400,42.23,400,42.22,300,42.21,500,42.3,29600,42.31,300,42.38,400,42.4,600,42.5,6800,HOLD
1780882689883,09:38:06,42.3,41.5,42.75,41.5,44.0,2064600.0,87220000.0,42.3,100,42.25,300,42.24,400,42.23,400,42.22,300,42.38,1100,42.4,500,42.5,6800,42.51,1900,42.56,200,HOLD
1780882692910,09:38:09,42.38,41.5,42.75,41.5,44.0,2077400.0,87760000.0,42.28,400,42.27,2400,42.26,200,42.25,300,42.24,400,42.38,1200,42.4,500,42.5,6800,42.51,1900,42.56,200,HOLD
1780882695911,09:38:12,42.38,41.5,42.75,41.5,44.0,2079900.0,87870000.0,42.31,100,42.3,1100,42.28,400,42.27,2400,42.26,200,42.4,300,42.5,6800,42.51,1900,42.56,200,42.58,10100,HOLD
1780882698918,09:38:15,42.5,41.5,42.75,41.5,44.0,2097400.0,88610000.0,42.33,400,42.32,6700,42.3,5000,42.28,26800,42.27,1800,42.5,800,42.51,1900,42.56,200,42.58,10100,42.59,100,HOLD
1780882701923,09:38:18,42.4,41.5,42.75,41.5,44.0,2106200.0,88980000.0,42.4,400,42.39,500,42.38,200,42.35,200,42.33,400,42.5,6100,42.51,1900,42.56,200,42.58,10100,42.59,100,HOLD
1780882704934,09:38:21,42.5,41.5,42.75,41.5,44.0,2108000.0,89060000.0,42.35,100,42.34,3800,42.33,200,42.32,2000,42.31,300,42.5,6200,42.51,1900,42.56,200,42.58,10100,42.59,100,HOLD
1780882707944,09:38:24,42.4,41.5,42.75,41.5,44.0,2111600.0,89210000.0,42.36,2000,42.35,400,42.34,1900,42.33,200,42.32,2000,42.5,5900,42.51,1900,42.56,200,42.58,10100,42.59,100,HOLD
1780882710953,09:38:27,42.35,41.5,42.75,41.5,44.0,2115500.0,89380000.0,42.34,1900,42.33,200,42.32,2000,42.31,300,42.28,4900,42.35,6100,42.48,1600,42.49,400,42.5,4900,42.51,1900,HOLD
1780882713960,09:38:30,42.48,41.5,42.75,41.5,44.0,2121900.0,89650000.0,42.36,100,42.35,100,42.34,1900,42.33,200,42.32,2000,42.48,1500,42.49,600,42.5,4900,42.51,1900,42.55,200,HOLD
1780882716963,09:38:33,42.48,41.5,42.75,41.5,44.0,2121900.0,89650000.0,42.38,400,42.37,400,42.36,100,42.35,100,42.34,3200,42.47,3500,42.48,2900,42.49,400,42.5,5000,42.51,1900,HOLD
1780882719966,09:38:36,42.47,41.5,42.75,41.5,44.0,2122000.0,89650000.0,42.42,200,42.41,600,42.4,500,42.39,200,42.38,400,42.47,700,42.48,2900,42.49,400,42.5,5300,42.51,1900,HOLD
1780882722971,09:38:39,42.48,41.5,42.75,41.5,44.0,2123100.0,89700000.0,42.47,200,42.42,200,42.41,600,42.4,500,42.39,200,42.48,2500,42.49,1300,42.5,5300,42.51,1900,42.55,200,HOLD
1780882725987,09:38:42,42.47,41.5,42.75,41.5,44.0,2125700.0,89810000.0,42.47,9300,42.46,200,42.42,200,42.41,600,42.4,300,42.48,1300,42.49,1300,42.5,5300,42.51,1900,42.55,200,HOLD
1780882729001,09:38:45,42.42,41.5,42.75,41.5,44.0,2138700.0,90360000.0,42.41,1300,42.4,300,42.39,200,42.38,600,42.37,400,42.42,7700,42.46,1500,42.47,3700,42.49,900,42.5,5500,HOLD
1780882735011,09:38:51,42.65,41.5,42.75,41.5,44.0,2196900.0,92840000.0,42.63,1100,42.62,500,42.61,2000,42.49,300,42.48,2200,42.65,3500,42.69,700,42.7,6300,42.73,3700,42.75,4100,HOLD
1780882741026,09:38:57,42.63,41.5,42.75,41.5,44.0,2201600.0,93040000.0,42.62,100,42.61,1200,42.52,200,42.48,3000,42.47,100,42.68,2600,42.69,900,42.7,6200,42.73,3700,42.75,4100,HOLD
1780882744029,09:39:00,42.62,41.5,42.75,41.5,44.0,2203000.0,93100000.0,42.61,300,42.56,2000,42.52,200,42.48,3000,42.47,100,42.62,900,42.64,900,42.65,300,42.66,1700,42.67,200,HOLD
1780882750049,09:39:06,42.52,41.5,42.75,41.5,44.0,2206800.0,93260000.0,42.48,3000,42.47,100,42.42,500,42.41,1100,42.4,500,42.5,500,42.51,1800,42.57,1000,42.58,900,42.59,800,HOLD
1780882753058,09:39:09,42.48,41.5,42.75,41.5,44.0,2208300.0,93320000.0,42.48,2500,42.47,100,42.42,500,42.41,1100,42.4,500,42.49,200,42.5,1000,42.51,1800,42.57,300,42.58,900,HOLD
1780882756052,09:39:12,42.48,41.5,42.75,41.5,44.0,2210900.0,93430000.0,42.43,200,42.42,500,42.41,1100,42.4,500,42.39,200,42.48,1700,42.49,400,42.5,500,42.51,1800,42.57,300,HOLD
1780882759056,09:39:15,42.4,41.5,42.75,41.5,44.0,2214700.0,93590000.0,42.37,100,42.36,200,42.35,1500,42.34,1900,42.33,200,42.4,8400,42.47,1600,42.48,1600,42.49,400,42.5,500,HOLD
1780882762066,09:39:18,42.34,41.5,42.75,41.5,44.0,2258300.0,95440000.0,42.3,1300,42.29,800,42.28,100,42.27,400,42.26,600,42.34,300,42.35,800,42.36,100,42.37,6300,42.38,5400,HOLD
1780882765065,09:39:21,42.32,41.5,42.75,41.5,44.0,2258800.0,95460000.0,42.3,1700,42.29,400,42.28,100,42.27,400,42.26,600,42.31,100,42.34,800,42.35,800,42.36,100,42.37,6600,HOLD
1780882771077,09:39:27,42.3,41.5,42.75,41.5,44.0,2270200.0,95940000.0,42.24,100,42.23,400,42.22,600,42.21,500,42.2,12400,42.29,200,42.3,4500,42.32,400,42.33,3700,42.34,2200,HOLD
1780882774079,09:39:30,42.24,41.5,42.75,41.5,44.0,2270400.0,95950000.0,42.23,400,42.22,600,42.21,500,42.2,12400,42.19,2100,42.24,800,42.27,200,42.28,200,42.29,200,42.3,4500,HOLD
1780882777088,09:39:33,42.25,41.5,42.75,41.5,44.0,2330900.0,98500000.0,42.24,500,42.16,200,42.15,900,42.14,3700,42.13,1100,42.26,800,42.27,2300,42.28,200,42.29,200,42.3,4500,HOLD
1780882780097,09:39:36,42.34,41.5,42.75,41.5,44.0,2345400.0,99120000.0,42.34,1300,42.33,200,42.32,3300,42.31,800,42.3,1600,42.37,300,42.38,5400,42.39,7800,42.4,11700,42.43,11400,HOLD
1780882783100,09:39:39,42.34,41.5,42.75,41.5,44.0,2349000.0,99270000.0,42.32,300,42.31,300,42.26,100,42.25,200,42.24,2300,42.37,700,42.39,7800,42.4,11700,42.43,11400,42.47,1600,HOLD
1780882786108,09:39:42,42.5,41.5,42.75,41.5,44.0,2377400.0,100470000.0,42.44,2800,42.43,900,42.38,2300,42.37,1300,42.33,100,42.5,400,42.58,900,42.59,800,42.6,15800,42.61,100,HOLD
1780882789111,09:39:45,42.45,41.5,42.75,41.5,44.0,2377700.0,100480000.0,42.46,100,42.45,300,42.44,2800,42.38,2300,42.37,1300,42.5,400,42.58,900,42.59,800,42.6,15800,42.61,100,HOLD
1780882792113,09:39:48,42.5,41.5,42.75,41.5,44.0,2378200.0,100510000.0,42.52,200,42.51,100,42.5,1300,42.44,2800,42.38,2300,42.57,1000,42.6,15800,42.61,100,42.62,500,42.64,300,HOLD
1780882795129,09:39:51,42.5,41.5,42.75,41.5,44.0,2378200.0,100510000.0,42.53,100,42.52,200,42.51,100,42.5,1300,42.44,2800,42.55,100,42.57,1500,42.6,15800,42.61,100,42.62,500,HOLD
1780882798130,09:39:54,42.49,41.5,42.75,41.5,44.0,2385800.0,100830000.0,42.44,2800,42.38,2300,42.37,1300,42.34,100,42.33,100,42.46,1000,42.49,2100,42.5,1100,42.52,2600,42.53,1100,HOLD
1780882801137,09:39:57,42.44,41.5,42.75,41.5,44.0,2390800.0,101040000.0,42.38,2300,42.37,1300,42.33,100,42.31,300,42.3,100,42.44,3400,42.45,1500,42.46,2200,42.49,2100,42.52,2700,HOLD
1780882804150,09:40:00,42.37,41.5,42.75,41.5,44.0,2395500.0,101240000.0,42.33,100,42.31,300,42.3,100,42.28,300,42.26,100,42.37,3000,42.38,1200,42.39,3400,42.4,100,42.41,6400,HOLD
1780882807141,09:40:03,42.33,41.5,42.75,41.5,44.0,2395700.0,101250000.0,42.31,300,42.3,400,42.28,300,42.26,100,42.25,1200,42.33,2000,42.37,3100,42.38,1300,42.39,1800,42.4,100,HOLD
1780882810152,09:40:06,42.31,41.5,42.75,41.5,44.0,2398800.0,101380000.0,42.3,200,42.28,200,42.26,100,42.25,1200,42.24,2100,42.31,100,42.32,600,42.33,900,42.37,100,42.38,1300,HOLD
1780882813164,09:40:09,42.31,41.5,42.75,41.5,44.0,2400000.0,101430000.0,42.3,500,42.28,200,42.26,100,42.25,1200,42.24,2100,42.32,500,42.33,400,42.37,100,42.38,1300,42.43,100,HOLD
1780882816161,09:40:12,42.34,41.5,42.75,41.5,44.0,2406900.0,101720000.0,42.42,300,42.35,1700,42.34,2800,42.33,700,42.32,800,42.5,2100,42.52,100,42.53,700,42.6,16800,42.61,100,HOLD
1780882819173,09:40:15,42.46,41.5,42.75,41.5,44.0,2409100.0,101820000.0,42.46,1600,42.45,1200,42.44,10400,42.43,5300,42.42,2500,42.47,100,42.49,1300,42.5,2100,42.52,100,42.53,700,HOLD
1780882822180,09:40:18,42.46,41.5,42.75,41.5,44.0,2415400.0,102080000.0,42.45,1300,42.44,10700,42.43,5300,42.42,2500,42.35,2000,42.46,200,42.47,700,42.49,1300,42.5,2100,42.53,700,HOLD
1780882825183,09:40:21,42.45,41.5,42.75,41.5,44.0,2418100.0,102200000.0,42.44,10600,42.43,5300,42.42,2500,42.35,2000,42.34,2600,42.45,100,42.46,700,42.47,900,42.49,1300,42.5,2200,HOLD
1780882828187,09:40:24,42.44,41.5,42.75,41.5,44.0,2418600.0,102220000.0,42.44,10100,42.43,5300,42.42,2500,42.35,2000,42.34,2600,42.45,500,42.46,900,42.47,900,42.49,1300,42.5,2200,HOLD
1780882831187,09:40:27,42.44,41.5,42.75,41.5,44.0,2426900.0,102570000.0,42.44,2400,42.43,5300,42.42,2500,42.35,2000,42.34,2600,42.45,300,42.46,900,42.47,800,42.49,1300,42.5,2200,HOLD
1780882834187,09:40:30,42.44,41.5,42.75,41.5,44.0,2428700.0,102650000.0,42.44,1000,42.43,5400,42.42,2500,42.35,2000,42.34,2600,42.45,2400,42.46,900,42.47,800,42.49,1300,42.5,2200,HOLD
1780882837196,09:40:33,42.44,41.5,42.75,41.5,44.0,2429800.0,102700000.0,42.43,5400,42.42,2500,42.35,2000,42.34,2300,42.33,200,42.44,1000,42.45,3400,42.46,1000,42.47,200,42.49,1300,HOLD
1780882843202,09:40:39,42.35,41.5,42.75,41.5,44.0,2445500.0,103360000.0,42.34,1300,42.33,200,42.32,1300,42.31,3900,42.3,1600,42.39,500,42.43,700,42.44,1000,42.45,2200,42.46,700,HOLD
1780882846216,09:40:42,42.34,41.5,42.75,41.5,44.0,2446800.0,103420000.0,42.35,300,42.33,200,42.32,1300,42.31,3900,42.3,1600,42.38,300,42.39,900,42.43,700,42.44,1000,42.45,2200,HOLD
1780882849222,09:40:45,42.35,41.5,42.75,41.5,44.0,2447300.0,103440000.0,42.33,300,42.32,1300,42.31,3900,42.3,1600,42.28,200,42.35,800,42.39,800,42.43,700,42.44,1000,42.45,1600,HOLD
1780882852234,09:40:48,42.34,41.5,42.75,41.5,44.0,2449100.0,103510000.0,42.38,2000,42.33,300,42.32,1300,42.31,3900,42.3,3100,42.43,1000,42.44,1000,42.45,1600,42.46,700,42.5,2200,HOLD
1780882855242,09:40:51,42.38,41.5,42.75,41.5,44.0,2451000.0,103590000.0,42.38,100,42.35,300,42.34,1400,42.33,300,42.32,1300,42.41,2600,42.42,2600,42.43,3800,42.44,1000,42.45,1600,HOLD
1780882858244,09:40:54,42.39,41.5,42.75,41.5,44.0,2451300.0,103610000.0,42.38,100,42.35,300,42.34,1400,42.33,300,42.32,1300,42.39,3400,42.4,3100,42.41,2600,42.42,2600,42.43,3800,HOLD
1780882861249,09:40:57,42.31,41.5,42.75,41.5,44.0,2461300.0,104030000.0,42.31,100,42.3,3600,42.28,200,42.26,100,42.25,1200,42.32,800,42.34,4800,42.35,2600,42.37,3900,42.38,2200,HOLD
1780882864264,09:41:00,42.29,41.5,42.75,41.5,44.0,2469600.0,104380000.0,42.28,200,42.26,600,42.25,1200,42.24,3200,42.23,100,42.29,900,42.3,2800,42.31,4900,42.32,2700,42.34,4800,HOLD
1780882867270,09:41:03,42.29,41.5,42.75,41.5,44.0,2472100.0,104490000.0,42.26,1700,42.25,1200,42.24,3200,42.23,100,42.21,400,42.29,2200,42.3,2000,42.31,5100,42.32,1900,42.34,4800,HOLD
1780882870272,09:41:06,42.29,41.5,42.75,41.5,44.0,2472300.0,104500000.0,42.28,100,42.26,1700,42.25,1200,42.24,3200,42.23,100,42.29,2800,42.3,2000,42.31,5100,42.32,1900,42.34,4800,HOLD
1780882873289,09:41:09,42.29,41.5,42.75,41.5,44.0,2478000.0,104740000.0,42.28,100,42.26,1300,42.25,1500,42.24,3200,42.23,100,42.29,100,42.3,2000,42.31,5100,42.32,1900,42.34,4800,HOLD
1780882876296,09:41:12,42.31,41.5,42.75,41.5,44.0,2480200.0,104830000.0,42.3,100,42.29,400,42.28,100,42.26,1300,42.25,1500,42.31,5000,42.32,1900,42.34,4800,42.35,2600,42.37,3900,HOLD
1780882879301,09:41:15,42.31,41.5,42.75,41.5,44.0,2485800.0,105070000.0,42.26,1400,42.25,1500,42.24,2700,42.23,200,42.21,2400,42.31,2400,42.32,1900,42.34,4800,42.35,2600,42.37,3900,HOLD
1780882882306,09:41:18,42.31,41.5,42.75,41.5,44.0,2487400.0,105130000.0,42.29,200,42.26,1400,42.25,1500,42.24,2400,42.23,200,42.31,800,42.32,1900,42.34,4800,42.35,2600,42.37,3900,HOLD
1780882885310,09:41:21,42.26,41.5,42.75,41.5,44.0,2492000.0,105330000.0,42.25,100,42.24,2400,42.23,800,42.21,2400,42.2,2700,42.26,6700,42.29,3900,42.3,100,42.31,400,42.38,31000,HOLD
1780882888322,09:41:24,42.25,41.5,42.75,41.5,44.0,2493300.0,105380000.0,42.24,2400,42.23,800,42.21,2400,42.2,2700,42.18,600,42.26,6100,42.29,3900,42.3,100,42.31,400,42.38,31000,HOLD
1780882891324,09:41:27,42.3,41.5,42.75,41.5,44.0,2504500.0,105860000.0,42.29,6500,42.26,2200,42.25,600,42.24,2400,42.23,800,42.31,400,42.38,31000,42.42,2600,42.43,500,42.45,900,HOLD
1780882894333,09:41:30,42.37,41.5,42.75,41.5,44.0,2506600.0,105950000.0,42.32,600,42.31,3300,42.3,400,42.29,3600,42.26,1400,42.37,700,42.38,100,42.42,2600,42.43,500,42.45,900,HOLD
1780882897335,09:41:33,42.31,41.5,42.75,41.5,44.0,2509600.0,106070000.0,42.31,1800,42.3,400,42.29,800,42.26,1400,42.25,900,42.35,400,42.36,400,42.37,100,42.38,100,42.42,2600,HOLD
1780882900341,09:41:36,42.27,41.5,42.75,41.5,44.0,2512800.0,106210000.0,42.27,300,42.26,1300,42.25,900,42.24,2400,42.23,800,42.28,1000,42.29,300,42.31,400,42.32,1300,42.34,500,HOLD
1780882903346,09:41:39,42.27,41.5,42.75,41.5,44.0,2517400.0,106400000.0,42.25,1900,42.24,2400,42.23,800,42.21,2500,42.2,2800,42.27,200,42.28,1500,42.29,300,42.31,400,42.32,1400,HOLD
1780882906350,09:41:42,42.26,41.5,42.75,41.5,44.0,2521700.0,106580000.0,42.25,200,42.24,2400,42.23,800,42.21,2500,42.2,2800,42.26,1800,42.27,2000,42.28,600,42.29,300,42.31,400,HOLD
1780882909360,09:41:45,42.24,41.5,42.75,41.5,44.0,2523000.0,106640000.0,42.24,2000,42.23,800,42.21,2500,42.2,2800,42.18,600,42.25,800,42.26,1800,42.27,1900,42.28,600,42.29,300,HOLD
1780882912364,09:41:48,42.24,41.5,42.75,41.5,44.0,2525700.0,106750000.0,42.23,200,42.21,2500,42.2,2800,42.18,600,42.16,500,42.24,200,42.25,1000,42.26,300,42.27,500,42.28,600,HOLD
1780882915377,09:41:51,42.29,41.5,42.75,41.5,44.0,2528000.0,106850000.0,42.26,2400,42.25,4900,42.24,1600,42.23,100,42.22,1600,42.29,100,42.31,500,42.32,1400,42.34,500,42.35,400,HOLD
1780882918384,09:41:54,42.29,41.5,42.75,41.5,44.0,2528700.0,106880000.0,42.29,700,42.26,2500,42.25,5200,42.24,1600,42.23,100,42.31,400,42.32,1400,42.34,500,42.35,400,42.36,400,HOLD
1780882921390,09:41:57,42.26,41.5,42.75,41.5,44.0,2535400.0,107160000.0,42.25,5300,42.24,1700,42.23,100,42.22,1600,42.21,2500,42.26,2100,42.3,200,42.31,400,42.32,1300,42.34,500,HOLD
1780882924402,09:42:00,42.24,41.5,42.75,41.5,44.0,2545900.0,107610000.0,42.24,500,42.23,100,42.22,1600,42.21,2500,42.2,3500,42.25,32300,42.26,1100,42.3,1800,42.31,400,42.32,1300,HOLD
1780882927404,09:42:03,42.23,41.5,42.75,41.5,44.0,2549400.0,107750000.0,42.22,300,42.21,2500,42.2,3500,42.19,100,42.18,700,42.23,500,42.24,2200,42.25,33100,42.26,5800,42.29,400,HOLD
1780882930417,09:42:06,42.23,41.5,42.75,41.5,44.0,2549500.0,107760000.0,42.22,600,42.21,2500,42.2,3500,42.19,100,42.18,700,42.23,700,42.24,2200,42.25,33100,42.26,1100,42.28,200,HOLD
1780882933422,09:42:09,42.25,41.5,42.75,41.5,44.0,2566500.0,108480000.0,42.23,100,42.22,2200,42.21,2800,42.2,3800,42.19,400,42.25,25100,42.26,1100,42.28,200,42.29,1500,42.3,1800,HOLD
1780882936431,09:42:12,42.31,41.5,42.75,41.5,44.0,2602200.0,109990000.0,42.31,14300,42.26,6500,42.25,1300,42.24,1400,42.23,1200,42.37,700,42.38,100,42.4,100,42.43,1500,42.45,100,HOLD
1780882939441,09:42:15,42.31,41.5,42.75,41.5,44.0,2606500.0,110170000.0,42.32,1100,42.31,10400,42.26,6500,42.25,600,42.24,1100,42.37,600,42.38,100,42.4,100,42.43,1300,42.45,100,HOLD
1780882942452,09:42:18,42.31,41.5,42.75,41.5,44.0,2609000.0,110270000.0,42.31,9400,42.26,6500,42.25,100,42.24,1100,42.23,1200,42.37,100,42.38,100,42.4,100,42.43,1300,42.45,100,HOLD
1780882945454,09:42:21,42.33,41.5,42.75,41.5,44.0,2667800.0,112760000.0,42.33,300,42.32,400,42.24,200,42.21,200,42.2,8300,42.34,200,42.35,400,42.36,600,42.37,3900,42.41,1000,HOLD
1780882948458,09:42:24,42.25,41.5,42.75,41.5,44.0,2669500.0,112830000.0,42.24,100,42.23,300,42.21,200,42.2,2000,42.19,400,42.25,200,42.33,200,42.34,200,42.36,600,42.37,3900,HOLD
1780882951459,09:42:27,42.28,41.5,42.75,41.5,44.0,2670800.0,112890000.0,42.24,500,42.23,300,42.21,200,42.2,1100,42.19,400,42.27,600,42.31,2200,42.33,200,42.34,1000,42.37,3900,HOLD
1780882954462,09:42:30,42.25,41.5,42.75,41.5,44.0,2671200.0,112910000.0,42.25,300,42.24,1300,42.23,300,42.21,200,42.2,1100,42.26,300,42.27,300,42.31,2200,42.33,200,42.34,1000,HOLD
1780882957470,09:42:33,42.27,41.5,42.75,41.5,44.0,2671600.0,112920000.0,42.26,800,42.25,600,42.24,1300,42.23,900,42.22,1200,42.27,1000,42.31,2200,42.33,300,42.34,1000,42.37,3900,HOLD
1780882960476,09:42:36,42.21,41.5,42.75,41.5,44.0,2705500.0,114350000.0,42.2,1800,42.19,2300,42.18,800,42.16,2500,42.15,1100,42.21,400,42.26,4100,42.27,500,42.31,2200,42.33,500,HOLD
1780882963484,09:42:39,42.28,41.5,42.75,41.5,44.0,2718200.0,114890000.0,42.28,700,42.27,1400,42.23,1200,42.19,100,42.18,800,42.3,1000,42.31,2200,42.33,500,42.34,1000,42.37,3900,HOLD
1780882966489,09:42:42,42.3,41.5,42.75,41.5,44.0,2720000.0,114970000.0,42.28,700,42.27,1400,42.23,1200,42.21,800,42.19,100,42.3,500,42.31,2200,42.33,500,42.34,1000,42.37,3900,HOLD
1780882969500,09:42:45,42.31,41.5,42.75,41.5,44.0,2720600.0,114990000.0,42.3,100,42.28,1900,42.27,1400,42.23,1200,42.21,1300,42.31,2700,42.33,500,42.34,1000,42.37,3900,42.4,1100,HOLD
1780882972501,09:42:48,42.28,41.5,42.75,41.5,44.0,2723400.0,115110000.0,42.27,1700,42.23,1200,42.21,1400,42.2,800,42.19,100,42.28,100,42.31,2500,42.33,500,42.34,1000,42.37,3900,HOLD
1780882975514,09:42:51,42.29,41.5,42.75,41.5,44.0,2724100.0,115140000.0,42.28,300,42.27,2000,42.23,1300,42.21,1400,42.2,800,42.31,2500,42.33,500,42.34,1000,42.37,3900,42.4,1100,HOLD
1780882978519,09:42:54,42.31,41.5,42.75,41.5,44.0,2724800.0,115170000.0,42.27,2000,42.23,1300,42.21,1400,42.2,800,42.19,100,42.31,2300,42.33,500,42.34,1000,42.37,3900,42.4,1100,HOLD
1780882981519,09:42:57,42.31,41.5,42.75,41.5,44.0,2726300.0,115230000.0,42.28,100,42.27,2000,42.23,1300,42.21,2400,42.2,800,42.31,900,42.33,500,42.34,1000,42.37,3900,42.4,1100,HOLD
1780882984536,09:43:00,42.3,41.5,42.75,41.5,44.0,2726700.0,115250000.0,42.3,400,42.28,300,42.27,2000,42.23,1300,42.21,2300,42.31,800,42.33,500,42.37,3900,42.4,1100,42.43,1300,HOLD
1780882987540,09:43:03,42.31,41.5,42.75,41.5,44.0,2727700.0,115290000.0,42.3,700,42.28,300,42.27,2000,42.23,1300,42.21,2300,42.31,100,42.33,500,42.35,100,42.37,3900,42.4,1100,HOLD
1780882990550,09:43:06,42.3,41.5,42.75,41.5,44.0,2729000.0,115350000.0,42.3,100,42.28,300,42.27,2000,42.24,200,42.23,1300,42.33,600,42.35,100,42.37,3900,42.4,1100,42.43,1300,HOLD
1780882993556,09:43:09,42.28,41.5,42.75,41.5,44.0,2730600.0,115410000.0,42.27,1400,42.24,200,42.23,1300,42.22,100,42.21,2600,42.3,300,42.31,17800,42.32,1000,42.33,600,42.35,100,HOLD
1780882996561,09:43:12,42.27,41.5,42.75,41.5,44.0,2732000.0,115470000.0,42.24,200,42.23,1300,42.22,100,42.21,2300,42.2,800,42.27,100,42.28,200,42.29,400,42.3,400,42.31,17800,HOLD
1780882999564,09:43:15,42.23,41.5,42.75,41.5,44.0,2733000.0,115520000.0,42.23,500,42.22,100,42.21,2300,42.2,800,42.19,100,42.24,100,42.25,500,42.26,200,42.27,600,42.28,200,HOLD
1780883002574,09:43:18,42.21,41.5,42.75,41.5,44.0,2736800.0,115680000.0,42.21,100,42.2,800,42.19,300,42.18,800,42.16,2400,42.22,500,42.24,400,42.25,500,42.26,200,42.27,1500,HOLD
1780883005578,09:43:21,42.18,41.5,42.75,41.5,44.0,2738200.0,115730000.0,42.18,600,42.16,2400,42.15,1100,42.14,100,42.13,100,42.19,200,42.2,400,42.24,400,42.25,500,42.26,200,HOLD
1780883008589,09:43:24,42.21,41.5,42.75,41.5,44.0,2739900.0,115810000.0,42.2,500,42.16,2400,42.15,1100,42.14,100,42.13,100,42.21,600,42.24,400,42.25,500,42.26,200,42.27,1100,HOLD
1780883011596,09:43:27,42.16,41.5,42.75,41.5,44.0,2743900.0,115980000.0,42.16,1200,42.15,1100,42.14,100,42.13,100,42.12,500,42.21,400,42.24,400,42.25,500,42.26,200,42.27,1100,HOLD
1780883014605,09:43:30,42.19,41.5,42.75,41.5,44.0,2744700.0,116010000.0,42.19,600,42.16,1700,42.15,1100,42.14,100,42.13,100,42.2,1700,42.21,600,42.24,400,42.25,500,42.26,200,HOLD
1780883017616,09:43:33,42.19,41.5,42.75,41.5,44.0,2746200.0,116070000.0,42.19,100,42.18,100,42.16,2300,42.15,1100,42.14,100,42.2,1600,42.21,600,42.24,400,42.25,500,42.26,200,HOLD
1780883020635,09:43:36,42.16,41.5,42.75,41.5,44.0,2748800.0,116180000.0,42.16,600,42.15,1100,42.13,100,42.12,500,42.1,4200,42.19,1900,42.2,5900,42.21,600,42.24,400,42.25,500,HOLD
1780883023621,09:43:39,42.16,41.5,42.75,41.5,44.0,2751000.0,116270000.0,42.15,1500,42.13,100,42.12,500,42.1,4200,42.09,400,42.18,200,42.19,1100,42.2,5900,42.21,600,42.24,400,HOLD
1780883026634,09:43:42,42.16,41.5,42.75,41.5,44.0,2751100.0,116280000.0,42.15,1500,42.13,100,42.12,500,42.1,4200,42.09,400,42.16,400,42.18,200,42.19,800,42.2,5900,42.21,600,HOLD
1780883029647,09:43:45,42.15,41.5,42.75,41.5,44.0,2755400.0,116460000.0,42.14,600,42.13,600,42.12,500,42.1,4200,42.09,400,42.15,43200,42.16,2000,42.19,700,42.2,5900,42.21,600,HOLD
1780883032656,09:43:48,42.14,41.5,42.75,41.5,44.0,2755600.0,116470000.0,42.14,500,42.13,700,42.12,500,42.11,200,42.1,4400,42.15,44200,42.16,2000,42.19,700,42.2,5900,42.21,600,HOLD
1780883035662,09:43:51,42.14,41.5,42.75,41.5,44.0,2757800.0,116560000.0,42.12,200,42.11,200,42.1,5600,42.09,400,42.08,300,42.14,400,42.15,50300,42.16,3500,42.19,700,42.2,5900,HOLD
1780883038675,09:43:54,42.12,41.5,42.75,41.5,44.0,2757900.0,116570000.0,42.12,100,42.11,200,42.1,5600,42.09,400,42.08,300,42.14,4400,42.15,49800,42.16,3500,42.19,700,42.2,5900,HOLD
1780883041676,09:43:57,42.1,41.5,42.75,41.5,44.0,2765700.0,116890000.0,42.09,200,42.08,300,42.06,400,42.05,3600,42.03,300,42.1,100,42.11,900,42.12,11700,42.13,2000,42.14,3300,HOLD
1780883044693,09:44:00,42.08,41.5,42.75,41.5,44.0,2766400.0,116920000.0,42.06,400,42.05,3600,42.03,300,42.02,1400,42.01,4100,42.08,10900,42.09,2900,42.1,24300,42.11,900,42.12,15400,HOLD
1780883047702,09:44:03,42.0,41.5,42.75,41.5,44.0,2814900.0,118960000.0,42.0,200,41.96,1100,41.95,1000,41.91,10500,41.9,1600,42.01,6800,42.04,1400,42.05,1700,42.07,200,42.09,12200,HOLD
1780883050710,09:44:06,41.99,41.5,42.75,41.5,44.0,2817400.0,119070000.0,41.95,1200,41.92,100,41.91,10500,41.9,1600,41.88,6200,41.99,100,42.0,6200,42.01,6800,42.04,1200,42.05,1700,HOLD
1780883053732,09:44:09,41.97,41.5,42.75,41.5,44.0,2817700.0,119080000.0,41.96,700,41.95,1600,41.92,100,41.91,10500,41.9,1600,41.98,100,41.99,500,42.0,7400,42.01,2500,42.03,400,HOLD
1780883056728,09:44:12,42.03,41.5,42.75,41.5,44.0,2836900.0,119880000.0,42.03,100,42.02,500,41.99,100,41.97,700,41.95,1000,42.04,1400,42.07,200,42.08,300,42.09,2800,42.1,24200,HOLD
1780883059738,09:44:15,41.96,41.5,42.75,41.5,44.0,2844900.0,120220000.0,41.97,500,41.96,1000,41.95,500,41.92,600,41.91,11700,42.03,900,42.04,900,42.06,2000,42.07,200,42.08,300,HOLD
1780883062739,09:44:18,41.99,41.5,42.75,41.5,44.0,2849200.0,120400000.0,41.99,100,41.98,500,41.97,900,41.96,3400,41.95,400,42.06,800,42.07,200,42.08,300,42.09,2600,42.12,1100,HOLD
1780883065752,09:44:21,42.08,41.5,42.75,41.5,44.0,2859700.0,120840000.0,42.02,2500,42.01,600,42.0,1100,41.99,300,41.97,1200,42.09,2600,42.12,1100,42.13,2000,42.14,300,42.15,35500,HOLD
1780883068763,09:44:24,42.09,41.5,42.75,41.5,44.0,2863700.0,121010000.0,42.03,100,42.02,600,42.01,600,42.0,1100,41.99,300,42.09,100,42.12,1100,42.13,2000,42.14,300,42.15,35500,HOLD
1780883071772,09:44:27,42.24,41.5,42.75,41.5,44.0,2904600.0,122730000.0,42.2,100,42.19,500,42.18,4500,42.17,400,42.16,2900,42.27,100,42.3,100,42.33,200,42.35,600,42.36,400,HOLD
1780883074780,09:44:30,42.27,41.5,42.75,41.5,44.0,2905700.0,122780000.0,42.25,100,42.18,100,42.16,2900,42.15,600,42.14,200,42.26,1600,42.3,1100,42.33,200,42.35,600,42.36,400,HOLD
1780883077791,09:44:33,42.29,41.5,42.75,41.5,44.0,2917900.0,123300000.0,42.27,800,42.24,100,42.23,100,42.14,500,42.13,400,42.29,6500,42.3,100,42.33,200,42.35,600,42.36,400,HOLD
1780883080798,09:44:36,42.27,41.5,42.75,41.5,44.0,2918900.0,123340000.0,42.27,500,42.24,100,42.23,100,42.14,500,42.13,200,42.28,200,42.29,6500,42.3,100,42.33,200,42.35,600,HOLD
1780883083808,09:44:39,42.27,41.5,42.75,41.5,44.0,2919600.0,123370000.0,42.27,400,42.26,100,42.25,100,42.24,100,42.23,100,42.29,6400,42.3,300,42.33,200,42.35,600,42.36,400,HOLD
1780883086822,09:44:42,42.28,41.5,42.75,41.5,44.0,2921500.0,123450000.0,42.26,100,42.25,1200,42.24,100,42.23,100,42.14,500,42.29,700,42.3,1300,42.33,200,42.35,600,42.36,400,HOLD
1780883089832,09:44:45,42.28,41.5,42.75,41.5,44.0,2922500.0,123490000.0,42.26,100,42.25,1300,42.24,100,42.23,100,42.14,500,42.27,300,42.28,100,42.29,500,42.3,1100,42.33,200,HOLD
1780883092844,09:44:48,42.27,41.5,42.75,41.5,44.0,2925200.0,123600000.0,42.14,500,42.12,800,42.1,200,42.09,5000,42.02,1100,42.27,1900,42.28,100,42.29,500,42.3,1100,42.33,200,HOLD
1780883095853,09:44:51,42.34,41.5,42.75,41.5,44.0,2931200.0,123860000.0,42.29,19500,42.25,200,42.18,100,42.15,300,42.14,600,42.3,500,42.31,7100,42.32,500,42.33,6100,42.34,4900,HOLD
1780883098862,09:44:54,42.29,41.5,42.75,41.5,44.0,2959000.0,125030000.0,42.25,100,42.2,2000,42.19,500,42.18,100,42.15,300,42.3,7200,42.31,3100,42.34,4900,42.35,3000,42.36,2700,HOLD
1780883101866,09:44:57,42.3,41.5,42.75,41.5,44.0,2963700.0,125230000.0,42.27,200,42.26,100,42.25,200,42.2,2000,42.19,500,42.29,100,42.3,100,42.34,4900,42.35,3000,42.36,2700,HOLD
1780883104890,09:45:00,42.31,41.5,42.75,41.5,44.0,2964600.0,125270000.0,42.31,100,42.3,1800,42.29,100,42.28,1300,42.27,200,42.34,4900,42.35,3000,42.36,2700,42.38,500,42.4,1100,HOLD
1780883107878,09:45:06,42.32,41.5,42.75,41.5,44.0,2965900.0,125320000.0,42.3,1500,42.29,100,42.28,2000,42.27,400,42.26,900,42.32,600,42.33,400,42.34,5000,42.35,2500,42.36,2700,HOLD
1780883113893,09:45:09,42.32,41.5,42.75,41.5,44.0,2966400.0,125350000.0,42.3,1200,42.29,100,42.28,2000,42.27,400,42.26,900,42.32,300,42.33,400,42.34,5000,42.35,2600,42.36,2700,HOLD
1780883116893,09:45:12,42.36,41.5,42.75,41.5,44.0,2969500.0,125480000.0,42.35,100,42.34,400,42.33,100,42.32,2100,42.31,900,42.36,1000,42.38,500,42.4,1100,42.41,200,42.43,1000,HOLD
1780883119896,09:45:15,42.43,41.5,42.75,41.5,44.0,2972700.0,125610000.0,42.4,900,42.38,200,42.37,1100,42.36,4100,42.35,100,42.43,700,42.45,100,42.46,200,42.49,1000,42.5,6000,HOLD
1780883122912,09:45:18,42.43,41.5,42.75,41.5,44.0,2972800.0,125620000.0,42.4,1400,42.38,200,42.37,900,42.36,3100,42.35,100,42.41,100,42.43,600,42.45,100,42.46,200,42.49,1000,HOLD
1780883125913,09:45:21,42.37,41.5,42.75,41.5,44.0,2974500.0,125690000.0,42.38,300,42.37,800,42.36,1700,42.35,100,42.34,100,42.4,2400,42.41,100,42.43,600,42.45,100,42.46,200,HOLD
1780883128922,09:45:24,42.38,41.5,42.75,41.5,44.0,2976200.0,125760000.0,42.36,1500,42.35,100,42.34,100,42.33,200,42.31,900,42.38,100,42.4,2300,42.41,100,42.43,600,42.45,100,HOLD
1780883131934,09:45:27,42.38,41.5,42.75,41.5,44.0,2977500.0,125820000.0,42.36,400,42.35,100,42.34,100,42.33,200,42.31,900,42.4,2200,42.41,100,42.43,600,42.45,100,42.46,200,HOLD
1780883134945,09:45:30,42.39,41.5,42.75,41.5,44.0,2979300.0,125890000.0,42.33,200,42.31,900,42.3,1600,42.28,2000,42.27,400,42.39,900,42.4,3300,42.43,900,42.45,100,42.46,200,HOLD
1780883137945,09:45:33,42.4,41.5,42.75,41.5,44.0,2981200.0,125970000.0,42.33,100,42.32,700,42.31,1000,42.3,1600,42.28,800,42.36,500,42.4,2400,42.43,1100,42.45,1100,42.46,200,HOLD
1780883140958,09:45:36,42.4,41.5,42.75,41.5,44.0,2983300.0,126060000.0,42.33,300,42.32,900,42.31,1000,42.3,1600,42.28,800,42.4,2200,42.43,1100,42.45,1100,42.46,200,42.48,700,HOLD
1780883143973,09:45:39,42.34,41.5,42.75,41.5,44.0,2983400.0,126070000.0,42.33,300,42.32,900,42.31,1000,42.3,1600,42.28,800,42.4,2200,42.43,1100,42.45,1100,42.46,200,42.48,700,HOLD
1780883146988,09:45:45,42.31,41.5,42.75,41.5,44.0,2991600.0,126410000.0,42.28,1000,42.27,200,42.25,100,42.24,600,42.22,100,42.32,900,42.35,100,42.39,100,42.4,2300,42.43,1100,HOLD
1780883149993,09:45:48,42.29,41.5,42.75,41.5,44.0,2992100.0,126430000.0,42.27,200,42.26,1300,42.25,100,42.24,600,42.22,100,42.32,900,42.33,400,42.35,100,42.39,100,42.4,2400,HOLD
1780883156017,09:45:51,42.29,41.5,42.75,41.5,44.0,2993700.0,126500000.0,42.25,100,42.24,600,42.22,100,42.2,5600,42.19,500,42.31,100,42.32,900,42.35,100,42.39,100,42.4,2400,HOLD
1780883159023,09:45:54,42.28,41.5,42.75,41.5,44.0,2995700.0,126590000.0,42.27,600,42.26,200,42.25,100,42.24,600,42.22,100,42.28,1300,42.29,300,42.32,600,42.39,100,42.4,2400,HOLD
1780883162025,09:45:57,42.29,41.5,42.75,41.5,44.0,2997300.0,126650000.0,42.27,800,42.26,200,42.25,100,42.24,600,42.22,100,42.32,600,42.39,800,42.4,2400,42.43,17000,42.45,1200,HOLD
1780883165030,09:46:00,42.31,41.5,42.75,41.5,44.0,2997800.0,126680000.0,42.27,500,42.26,200,42.24,600,42.22,100,42.2,5600,42.3,100,42.32,700,42.33,1000,42.39,800,42.4,2400,HOLD
1780883168041,09:46:03,42.27,41.5,42.75,41.5,44.0,3023600.0,127760000.0,42.21,500,42.2,500,42.19,2100,42.18,100,42.14,600,42.27,700,42.3,8100,42.32,100,42.33,1000,42.39,1700,HOLD
1780883171043,09:46:06,42.27,41.5,42.75,41.5,44.0,3023800.0,127770000.0,42.21,800,42.2,500,42.19,2100,42.18,100,42.14,600,42.27,500,42.3,8100,42.32,100,42.33,1000,42.39,1700,HOLD
1780883174069,09:46:09,42.27,41.5,42.75,41.5,44.0,3028500.0,127970000.0,42.21,400,42.2,600,42.19,1600,42.18,100,42.14,600,42.24,1100,42.27,4500,42.3,8100,42.32,100,42.33,1000,HOLD
1780883177069,09:46:12,42.2,41.5,42.75,41.5,44.0,3029900.0,128030000.0,42.19,1600,42.18,100,42.14,600,42.1,200,42.09,2700,42.21,500,42.24,1000,42.27,4500,42.3,8200,42.32,100,HOLD
1780883180073,09:46:15,42.2,41.5,42.75,41.5,44.0,3031700.0,128110000.0,42.18,300,42.14,100,42.11,1100,42.1,200,42.09,2700,42.19,900,42.2,300,42.21,500,42.24,1000,42.27,1300,HOLD
1780883183082,09:46:18,42.18,41.5,42.75,41.5,44.0,3032700.0,128150000.0,42.14,100,42.11,1100,42.1,200,42.09,2700,42.08,100,42.18,300,42.19,1400,42.2,400,42.21,300,42.24,1000,HOLD
1780883186094,09:46:21,42.17,41.5,42.75,41.5,44.0,3032800.0,128150000.0,42.14,400,42.11,1100,42.1,200,42.09,2700,42.08,100,42.17,100,42.18,900,42.19,2100,42.2,400,42.21,600,HOLD
1780883189096,09:46:24,42.1,41.5,42.75,41.5,44.0,3035100.0,128250000.0,42.09,2900,42.08,100,42.04,600,42.02,1100,42.01,100,42.1,8400,42.14,300,42.17,100,42.18,900,42.19,2100,HOLD
1780883192105,09:46:30,42.1,41.5,42.75,41.5,44.0,3039200.0,128420000.0,42.04,600,42.02,200,42.01,100,42.0,6800,41.99,700,42.1,8700,42.14,1700,42.16,100,42.18,700,42.19,2000,HOLD
1780883195121,09:46:33,42.1,41.5,42.75,41.5,44.0,3039300.0,128430000.0,42.04,1200,42.02,200,42.01,100,42.0,6800,41.99,700,42.09,300,42.1,8600,42.14,1700,42.18,700,42.19,1000,HOLD
1780883201131,09:46:36,42.1,41.5,42.75,41.5,44.0,3041400.0,128510000.0,42.04,600,42.02,200,42.01,100,42.0,6800,41.99,700,42.1,7500,42.14,1700,42.18,700,42.19,1000,42.2,900,HOLD
1780883204146,09:46:42,42.09,41.5,42.75,41.5,44.0,3045800.0,128700000.0,42.09,900,42.03,600,42.02,400,42.01,100,42.0,7300,42.1,8000,42.14,1400,42.18,700,42.19,2000,42.2,900,HOLD
1780883210167,09:46:45,42.1,41.5,42.75,41.5,44.0,3052500.0,128980000.0,42.08,300,42.07,400,42.06,1000,42.05,500,42.04,600,42.09,100,42.1,3400,42.14,1400,42.18,700,42.19,2000,HOLD
1780883213166,09:46:48,42.1,41.5,42.75,41.5,44.0,3056300.0,129140000.0,42.11,900,42.1,800,42.09,1200,42.08,300,42.05,500,42.14,800,42.18,700,42.19,2000,42.2,900,42.21,500,HOLD
1780883216183,09:46:51,42.18,41.5,42.75,41.5,44.0,3069400.0,129690000.0,42.15,100,42.14,1500,42.13,1200,42.12,1100,42.1,7900,42.19,500,42.2,900,42.21,500,42.24,100,42.27,1300,HOLD
1780883219200,09:46:54,42.19,41.5,42.75,41.5,44.0,3069900.0,129710000.0,42.19,100,42.16,800,42.15,400,42.14,1500,42.13,1200,42.2,900,42.21,500,42.24,100,42.29,700,42.3,200,HOLD
1780883222206,09:46:57,42.29,41.5,42.75,41.5,44.0,3072400.0,129820000.0,42.2,6400,42.19,100,42.17,200,42.16,800,42.15,400,42.22,100,42.29,2700,42.3,200,42.32,100,42.33,4800,HOLD
1780883225220,09:47:00,42.23,41.5,42.75,41.5,44.0,3072700.0,129830000.0,42.22,1300,42.21,200,42.2,6600,42.19,100,42.17,200,42.29,2600,42.3,200,42.32,100,42.33,4800,42.39,700,HOLD
1780883228222,09:47:03,42.29,41.5,42.75,41.5,44.0,3072900.0,129840000.0,42.23,200,42.22,1600,42.21,400,42.2,1800,42.19,100,42.29,2500,42.3,200,42.32,100,42.33,4800,42.39,700,HOLD
1780883231226,09:47:06,42.24,41.5,42.75,41.5,44.0,3074300.0,129900000.0,42.23,700,42.22,1600,42.21,400,42.2,1900,42.19,100,42.24,1900,42.28,2800,42.29,3900,42.3,200,42.32,100,HOLD
1780883234252,09:47:09,42.28,41.5,42.75,41.5,44.0,3077200.0,130020000.0,42.23,500,42.22,1600,42.21,400,42.2,2000,42.19,100,42.28,2000,42.29,3900,42.3,200,42.32,100,42.33,4800,HOLD
1780883237242,09:47:15,42.21,41.5,42.75,41.5,44.0,3082700.0,130260000.0,42.2,200,42.19,100,42.16,800,42.15,300,42.13,1200,42.21,1800,42.22,1100,42.23,3100,42.24,4900,42.25,2000,HOLD
1780883240257,09:47:18,42.19,41.5,42.75,41.5,44.0,3093100.0,130690000.0,42.16,2300,42.15,300,42.13,1300,42.12,900,42.1,2100,42.19,1200,42.2,500,42.21,7100,42.22,1100,42.23,3400,HOLD
1780883246288,09:47:24,42.28,41.5,42.75,41.5,44.0,3108500.0,131340000.0,42.26,1000,42.25,700,42.23,300,42.22,1200,42.19,2900,42.28,300,42.29,5200,42.3,2100,42.32,100,42.33,100,HOLD
1780883252316,09:47:27,42.28,41.5,42.75,41.5,44.0,3115100.0,131620000.0,42.27,3100,42.26,2100,42.25,800,42.23,300,42.22,1200,42.3,1800,42.32,100,42.33,100,42.39,700,42.4,4900,HOLD
1780883255331,09:47:30,42.26,41.5,42.75,41.5,44.0,3126800.0,132120000.0,42.25,800,42.23,300,42.22,1200,42.19,700,42.18,500,42.27,700,42.28,600,42.3,100,42.32,100,42.33,100,HOLD
1780883258343,09:47:33,42.26,41.5,42.75,41.5,44.0,3131600.0,132320000.0,42.29,800,42.28,100,42.27,800,42.26,3100,42.25,6700,42.38,100,42.39,600,42.4,4900,42.43,1100,42.45,3200,HOLD
1780883261352,09:47:39,42.32,41.5,42.75,41.5,44.0,3147100.0,132980000.0,42.38,100,42.32,500,42.31,500,42.3,900,42.29,1200,42.45,600,42.46,200,42.48,700,42.49,1100,42.5,7800,HOLD
1780883267378,09:47:42,42.46,41.5,42.75,41.5,44.0,3149100.0,133060000.0,42.45,1600,42.39,900,42.38,300,42.32,500,42.31,500,42.48,700,42.49,1100,42.5,7800,42.51,100,42.53,1000,HOLD
1780883270381,09:47:48,42.56,41.5,42.75,41.5,44.0,3162400.0,133630000.0,42.48,400,42.47,800,42.46,400,42.45,2100,42.39,2100,42.56,300,42.57,2100,42.58,1000,42.6,7800,42.65,5000,HOLD
1780883276384,09:47:54,42.49,41.5,42.75,41.5,44.0,3163800.0,133690000.0,42.49,500,42.48,600,42.47,500,42.46,400,42.45,2100,42.55,5400,42.56,2600,42.57,4400,42.58,1000,42.6,7800,HOLD
1780883279390,09:47:57,42.55,41.5,42.75,41.5,44.0,3163900.0,133690000.0,42.49,500,42.48,600,42.47,500,42.46,400,42.45,2100,42.5,100,42.51,300,42.54,3500,42.55,5300,42.56,2800,HOLD
1780883285411,09:48:00,42.48,41.5,42.75,41.5,44.0,3164600.0,133720000.0,42.48,300,42.47,500,42.46,400,42.45,2100,42.39,2100,42.49,2600,42.5,5400,42.51,300,42.54,3500,42.55,5300,HOLD
1780883288414,09:48:03,42.48,41.5,42.75,41.5,44.0,3165100.0,133740000.0,42.47,500,42.46,200,42.45,2100,42.4,300,42.39,2100,42.48,700,42.49,2500,42.5,5400,42.51,300,42.54,3500,HOLD
1780883291429,09:48:06,42.49,41.5,42.75,41.5,44.0,3166500.0,133800000.0,42.48,800,42.47,400,42.46,200,42.45,2100,42.4,300,42.49,4100,42.5,5400,42.51,100,42.54,3500,42.55,21300,HOLD
1780883294443,09:48:09,42.47,41.5,42.75,41.5,44.0,3167900.0,133860000.0,42.46,200,42.45,2100,42.4,300,42.39,2100,42.32,500,42.48,600,42.49,6300,42.5,1700,42.54,3500,42.55,22300,HOLD
1780883297448,09:48:15,42.46,41.5,42.75,41.5,44.0,3169100.0,133910000.0,42.45,2200,42.42,100,42.4,300,42.39,2100,42.32,500,42.46,500,42.48,3800,42.49,3600,42.5,1700,42.51,100,HOLD
1780883300456,09:48:18,42.48,41.5,42.75,41.5,44.0,3174700.0,134150000.0,42.47,800,42.46,10400,42.45,2200,42.42,100,42.4,300,42.48,2200,42.49,3600,42.5,1900,42.51,100,42.54,1600,HOLD
1780883303459,09:48:21,42.49,41.5,42.75,41.5,44.0,3178100.0,134290000.0,42.48,1000,42.47,1300,42.46,10400,42.45,2200,42.42,100,42.49,3700,42.5,1800,42.51,100,42.54,1600,42.55,17800,HOLD
1780883309485,09:48:24,42.47,41.5,42.75,41.5,44.0,3180000.0,134380000.0,42.48,100,42.47,400,42.46,10400,42.45,2200,42.42,100,42.49,3700,42.5,1800,42.51,100,42.54,1600,42.55,17800,HOLD
1780883312498,09:48:30,42.49,41.5,42.75,41.5,44.0,3230900.0,136540000.0,42.49,1700,42.48,100,42.47,100,42.46,10400,42.45,1500,42.61,2900,42.62,100,42.64,1200,42.65,3900,42.67,100,HOLD
1780883318514,09:48:33,42.49,41.5,42.75,41.5,44.0,3230900.0,136540000.0,42.5,100,42.49,1200,42.48,100,42.47,100,42.46,10400,42.57,12900,42.6,2300,42.61,2900,42.62,100,42.64,1200,HOLD
1780883321517,09:48:39,42.5,41.5,42.75,41.5,44.0,3233900.0,136670000.0,42.52,500,42.51,300,42.49,200,42.48,700,42.47,100,42.56,3800,42.58,200,42.6,100,42.62,100,42.64,1200,HOLD
1780883324532,09:48:42,42.56,41.5,42.75,41.5,44.0,3235800.0,136750000.0,42.53,200,42.52,600,42.51,100,42.5,1800,42.49,700,42.56,3700,42.58,200,42.6,100,42.62,100,42.64,1200,HOLD
1780883330553,09:48:48,42.59,41.5,42.75,41.5,44.0,3241000.0,136970000.0,42.59,200,42.57,300,42.55,200,42.54,900,42.53,200,42.6,100,42.62,100,42.65,3900,42.67,100,42.68,6300,HOLD
1780883336565,09:48:54,42.6,41.5,42.75,41.5,44.0,3241400.0,136990000.0,42.6,700,42.59,2300,42.57,300,42.55,200,42.54,800,42.62,100,42.64,2000,42.65,500,42.67,100,42.68,6000,HOLD
1780883339568,09:48:57,42.62,41.5,42.75,41.5,44.0,3241500.0,136990000.0,42.6,1100,42.59,2600,42.57,300,42.55,200,42.54,800,42.62,100,42.64,2000,42.65,500,42.67,100,42.68,1000,HOLD
1780883342570,09:49:00,42.6,41.5,42.75,41.5,44.0,3243500.0,137080000.0,42.6,800,42.59,2600,42.57,300,42.56,500,42.55,200,42.61,1000,42.62,300,42.64,2000,42.65,500,42.67,100,HOLD
1780883345574,09:49:03,42.61,41.5,42.75,41.5,44.0,3244700.0,137130000.0,42.6,400,42.59,2600,42.57,300,42.56,500,42.55,200,42.61,600,42.62,900,42.64,2000,42.65,500,42.67,100,HOLD
1780883348590,09:49:06,42.6,41.5,42.75,41.5,44.0,3245700.0,137170000.0,42.59,3100,42.57,300,42.56,500,42.55,200,42.54,900,42.61,500,42.62,900,42.64,2000,42.65,500,42.67,100,HOLD
1780883354611,09:49:09,42.59,41.5,42.75,41.5,44.0,3249500.0,137330000.0,42.57,300,42.56,500,42.54,900,42.53,200,42.51,100,42.58,12500,42.6,500,42.61,800,42.62,2700,42.63,1100,HOLD
1780883357610,09:49:15,42.62,41.5,42.75,41.5,44.0,3267500.0,138100000.0,42.62,1100,42.61,1500,42.6,100,42.59,1200,42.58,900,42.63,900,42.64,2000,42.65,500,42.67,100,42.68,1200,HOLD
1780883363635,09:49:21,42.62,41.5,42.75,41.5,44.0,3270200.0,138220000.0,42.62,400,42.61,1500,42.6,100,42.59,2400,42.58,1300,42.63,500,42.64,2000,42.65,500,42.67,100,42.68,1200,HOLD
1780883369649,09:49:24,42.62,41.5,42.75,41.5,44.0,3270600.0,138230000.0,42.61,1300,42.6,100,42.59,2600,42.58,1300,42.54,200,42.62,9800,42.63,500,42.64,2000,42.65,500,42.67,100,HOLD
1780883372658,09:49:27,42.63,41.5,42.75,41.5,44.0,3283300.0,138770000.0,42.64,1100,42.63,3200,42.62,5100,42.61,2100,42.6,50100,42.65,500,42.67,100,42.68,1200,42.69,800,42.7,2600,HOLD
1780883375670,09:49:33,42.61,41.5,42.75,41.5,44.0,3294300.0,139240000.0,42.6,100,42.59,2600,42.58,900,42.55,500,42.54,200,42.61,1200,42.62,700,42.64,3100,42.65,2000,42.67,100,HOLD
1780883378683,09:49:36,42.59,41.5,42.75,41.5,44.0,3296200.0,139320000.0,42.6,1100,42.59,800,42.58,400,42.55,500,42.54,200,42.61,1200,42.62,700,42.64,4300,42.65,2000,42.67,100,HOLD
1780883384699,09:49:42,42.59,41.5,42.75,41.5,44.0,3301000.0,139530000.0,42.59,100,42.55,500,42.54,700,42.53,200,42.51,100,42.6,13700,42.61,1000,42.62,700,42.63,1000,42.64,4500,HOLD
1780883390718,09:49:48,42.6,41.5,42.75,41.5,44.0,3306700.0,139770000.0,42.59,600,42.55,500,42.54,200,42.53,200,42.51,100,42.6,10100,42.61,1000,42.62,700,42.63,1400,42.64,4300,HOLD
1780883396740,09:49:51,42.59,41.5,42.75,41.5,44.0,3308000.0,139830000.0,42.56,200,42.55,1100,42.54,200,42.53,200,42.51,100,42.59,500,42.6,9700,42.61,1000,42.62,700,42.63,1400,HOLD
1780883399758,09:49:57,42.5,41.5,42.75,41.5,44.0,3317000.0,140210000.0,42.49,2500,42.47,100,42.46,9200,42.45,100,42.42,100,42.5,29900,42.56,1100,42.58,300,42.59,3500,42.6,10800,HOLD
1780883405787,09:50:03,42.45,41.5,42.75,41.5,44.0,3329700.0,140750000.0,42.42,100,42.4,900,42.39,1200,42.35,200,42.3,4300,42.45,5100,42.46,400,42.48,9700,42.49,4700,42.5,29800,HOLD
1780883411781,09:50:09,42.39,41.5,42.75,41.5,44.0,3345500.0,141420000.0,42.37,100,42.36,1100,42.35,400,42.34,200,42.33,200,42.39,4700,42.4,700,42.42,300,42.44,200,42.45,5100,HOLD
1780883417803,09:50:15,42.4,41.5,42.75,41.5,44.0,3364300.0,142210000.0,42.41,200,42.4,3100,42.39,1000,42.38,1300,42.36,1100,42.42,300,42.44,100,42.45,5100,42.46,400,42.48,9700,HOLD
1780883423842,09:50:21,42.46,41.5,42.75,41.5,44.0,3367400.0,142350000.0,42.43,2300,42.42,600,42.41,500,42.4,4100,42.39,1400,42.46,300,42.48,9700,42.49,4700,42.5,1000,42.53,1000,HOLD
1780883426836,09:50:24,42.4,41.5,42.75,41.5,44.0,3389500.0,143280000.0,42.39,2400,42.38,1300,42.36,1100,42.35,400,42.34,200,42.4,7600,42.48,400,42.49,4700,42.5,1000,42.53,1000,HOLD
1780883432855,09:50:30,42.4,41.5,42.75,41.5,44.0,3395200.0,143530000.0,42.39,4100,42.38,1100,42.36,1300,42.35,400,42.34,200,42.4,2100,42.43,4000,42.48,400,42.49,4700,42.5,500,HOLD
1780883435869,09:50:33,42.4,41.5,42.75,41.5,44.0,3398200.0,143650000.0,42.39,4600,42.38,1100,42.37,100,42.36,1300,42.35,600,42.4,400,42.43,4000,42.48,400,42.49,4700,42.5,500,HOLD
1780883438877,09:50:36,42.4,41.5,42.75,41.5,44.0,3403500.0,143880000.0,42.4,800,42.39,3700,42.38,1100,42.37,100,42.36,1300,42.43,4000,42.49,4700,42.5,500,42.53,1000,42.58,300,HOLD
1780883441890,09:50:39,42.42,41.5,42.75,41.5,44.0,3403600.0,143880000.0,42.42,100,42.41,700,42.4,2600,42.39,3700,42.38,1100,42.43,4000,42.49,4700,42.5,500,42.53,1000,42.58,300,HOLD
1780883444906,09:50:42,42.43,41.5,42.75,41.5,44.0,3406100.0,143990000.0,42.42,500,42.41,700,42.4,2600,42.39,3700,42.38,800,42.43,2700,42.49,4700,42.5,500,42.53,1000,42.58,300,HOLD
1780883447916,09:50:45,42.43,41.5,42.75,41.5,44.0,3406600.0,144010000.0,42.42,1800,42.41,700,42.4,2200,42.39,3700,42.38,1000,42.43,2200,42.49,4700,42.5,500,42.53,1000,42.58,300,HOLD
1780883453925,09:50:51,42.42,41.5,42.75,41.5,44.0,3410100.0,144160000.0,42.44,900,42.43,2400,42.42,8100,42.41,100,42.4,2200,42.49,200,42.5,500,42.53,1000,42.58,300,42.59,800,HOLD
1780883459934,09:50:57,42.5,41.5,42.75,41.5,44.0,3415400.0,144380000.0,42.5,1200,42.49,500,42.45,100,42.44,1300,42.43,5300,42.53,100,42.58,300,42.59,800,42.6,9900,42.61,500,HOLD
1780883465947,09:51:00,42.53,41.5,42.75,41.5,44.0,3424200.0,144760000.0,42.44,1100,42.43,5300,42.42,7200,42.4,1500,42.39,1300,42.53,100,42.57,6300,42.58,300,42.59,800,42.6,9900,HOLD
1780883468960,09:51:06,42.5,41.5,42.75,41.5,44.0,3425600.0,144820000.0,42.5,400,42.48,100,42.47,200,42.46,300,42.45,100,42.51,100,42.52,100,42.56,100,42.57,6300,42.58,300,HOLD
1780883474999,09:51:12,42.49,41.5,42.75,41.5,44.0,3430400.0,145020000.0,42.49,1600,42.48,100,42.47,200,42.46,300,42.45,100,42.5,1700,42.51,100,42.52,900,42.53,100,42.56,600,HOLD
1780883481011,09:51:15,42.49,41.5,42.75,41.5,44.0,3430400.0,145020000.0,42.49,1600,42.48,100,42.47,200,42.46,300,42.45,100,42.5,1700,42.51,100,42.52,900,42.53,5100,42.56,600,HOLD
1780883484018,09:51:18,42.5,41.5,42.75,41.5,44.0,3432300.0,145100000.0,42.5,2500,42.49,2300,42.48,100,42.47,200,42.46,300,42.51,200,42.52,900,42.53,5100,42.55,400,42.56,600,HOLD
1780883487022,09:51:24,42.55,41.5,42.75,41.5,44.0,3445000.0,145640000.0,42.55,100,42.53,5700,42.51,1200,42.5,800,42.49,2000,42.56,100,42.58,300,42.59,800,42.6,10000,42.61,500,HOLD
1780883493029,09:51:27,42.56,41.5,42.75,41.5,44.0,3445500.0,145660000.0,42.56,300,42.55,1300,42.53,200,42.51,1200,42.5,800,42.59,1200,42.6,10000,42.61,500,42.62,200,42.63,2400,HOLD
1780883496033,09:51:33,42.57,41.5,42.75,41.5,44.0,3445900.0,145680000.0,42.56,300,42.55,1300,42.53,200,42.51,1700,42.5,800,42.57,400,42.58,200,42.59,1500,42.6,10000,42.61,500,HOLD
1780883502044,09:51:39,42.55,41.5,42.75,41.5,44.0,3449100.0,145820000.0,42.54,900,42.53,200,42.52,1000,42.51,1500,42.5,1400,42.55,3200,42.56,1000,42.57,300,42.58,200,42.59,1500,HOLD
1780883505046,09:51:42,42.57,41.5,42.75,41.5,44.0,3453800.0,146020000.0,42.57,100,42.56,4300,42.55,1800,42.54,900,42.53,200,42.58,200,42.59,1500,42.6,10000,42.61,500,42.62,200,HOLD
1780883511067,09:51:48,42.57,41.5,42.75,41.5,44.0,3459100.0,146240000.0,42.56,4300,42.55,1900,42.54,100,42.53,200,42.52,1000,42.57,2900,42.6,9400,42.61,500,42.62,200,42.63,1400,HOLD
1780883514072,09:51:51,42.57,41.5,42.75,41.5,44.0,3462000.0,146360000.0,42.56,4300,42.55,2000,42.54,100,42.53,200,42.52,1000,42.59,1000,42.6,9400,42.61,500,42.62,200,42.63,1400,HOLD
1780883517085,09:51:54,42.59,41.5,42.75,41.5,44.0,3463000.0,146410000.0,42.58,100,42.57,200,42.56,4400,42.55,2300,42.54,100,42.6,9400,42.61,500,42.62,200,42.63,1400,42.64,200,HOLD
1780883520090,09:51:57,42.6,41.5,42.75,41.5,44.0,3467400.0,146590000.0,42.59,1800,42.58,1900,42.57,200,42.56,4400,42.55,1800,42.6,5000,42.61,500,42.62,200,42.63,1400,42.64,200,HOLD
1780883523092,09:52:00,42.6,41.5,42.75,41.5,44.0,3474900.0,146910000.0,42.59,1700,42.58,1900,42.57,100,42.56,4400,42.55,2300,42.61,500,42.62,200,42.63,1400,42.64,200,42.65,4800,HOLD
1780883526094,09:52:03,42.55,41.5,42.75,41.5,44.0,3483700.0,147290000.0,42.56,100,42.55,100,42.54,700,42.53,200,42.52,1000,42.57,2900,42.58,1600,42.59,6200,42.61,200,42.62,1900,HOLD
1780883532120,09:52:09,42.55,41.5,42.75,41.5,44.0,3485100.0,147350000.0,42.53,100,42.52,2400,42.51,1300,42.5,1100,42.48,100,42.55,2100,42.56,2900,42.57,3000,42.58,1300,42.59,6200,HOLD
1780883535122,09:52:12,42.56,41.5,42.75,41.5,44.0,3487300.0,147440000.0,42.55,2000,42.54,300,42.53,41600,42.52,2400,42.51,1300,42.56,2700,42.57,3000,42.58,1300,42.59,11200,42.6,2500,HOLD
1780883538129,09:52:15,42.55,41.5,42.75,41.5,44.0,3489800.0,147550000.0,42.55,2200,42.54,300,42.53,41600,42.52,2500,42.51,1300,42.56,300,42.57,100,42.58,1300,42.59,11200,42.6,2500,HOLD
1780883541156,09:52:18,42.59,41.5,42.75,41.5,44.0,3493400.0,147700000.0,42.56,6700,42.55,1600,42.53,41600,42.52,2500,42.51,1300,42.59,7200,42.6,2600,42.62,1900,42.63,400,42.64,600,HOLD
1780883544145,09:52:21,42.56,41.5,42.75,41.5,44.0,3497800.0,147890000.0,42.56,8200,42.55,1600,42.53,41600,42.52,2500,42.51,1300,42.59,3600,42.6,2600,42.62,1900,42.63,400,42.64,600,HOLD
1780883547148,09:52:24,42.59,41.5,42.75,41.5,44.0,3498000.0,147900000.0,42.57,100,42.56,12600,42.55,1600,42.53,41600,42.52,2500,42.59,3400,42.6,2600,42.62,1900,42.63,400,42.64,600,HOLD
1780883550152,09:52:27,42.59,41.5,42.75,41.5,44.0,3498600.0,147920000.0,42.57,3100,42.56,12600,42.55,1600,42.53,41600,42.52,2500,42.59,3000,42.6,2600,42.62,1900,42.63,400,42.64,600,HOLD
1780883556159,09:52:33,42.57,41.5,42.75,41.5,44.0,3499800.0,147970000.0,42.57,4800,42.56,12600,42.55,1800,42.53,41600,42.52,2500,42.58,500,42.59,3700,42.6,3400,42.62,1900,42.63,400,HOLD
1780883559168,09:52:36,42.62,41.5,42.75,41.5,44.0,3506100.0,148240000.0,42.62,300,42.61,400,42.6,3600,42.59,2000,42.58,1800,42.63,400,42.64,600,42.65,4900,42.67,300,42.68,800,HOLD
1780883565177,09:52:42,42.64,41.5,42.75,41.5,44.0,3508800.0,148360000.0,42.63,1900,42.62,900,42.61,400,42.6,3600,42.58,1400,42.64,300,42.65,5000,42.67,300,42.68,800,42.69,6300,HOLD
1780883568182,09:52:45,42.64,41.5,42.75,41.5,44.0,3509500.0,148390000.0,42.63,3600,42.62,900,42.61,400,42.6,3600,42.58,1400,42.64,300,42.65,4900,42.67,300,42.68,800,42.69,6300,HOLD
1780883571184,09:52:48,42.65,41.5,42.75,41.5,44.0,3511900.0,148490000.0,42.64,4000,42.63,4500,42.62,500,42.61,400,42.6,3600,42.65,3200,42.67,300,42.68,800,42.69,6300,42.7,3200,HOLD
1780883577208,09:52:54,42.65,41.5,42.75,41.5,44.0,3513500.0,148560000.0,42.64,6300,42.63,4500,42.62,500,42.61,400,42.6,3700,42.65,1700,42.67,300,42.68,600,42.69,6300,42.7,3500,HOLD
1780883583225,09:53:00,42.64,41.5,42.75,41.5,44.0,3513900.0,148580000.0,42.64,7800,42.63,4500,42.62,500,42.61,400,42.6,3600,42.65,2100,42.67,300,42.68,600,42.69,6300,42.7,3500,HOLD
1780883586238,09:53:03,42.65,41.5,42.75,41.5,44.0,3516000.0,148660000.0,42.66,400,42.65,500,42.64,8300,42.63,4400,42.62,500,42.67,300,42.68,600,42.69,6300,42.7,3500,42.73,5900,HOLD
1780883592255,09:53:09,42.65,41.5,42.75,41.5,44.0,3517400.0,148720000.0,42.64,8100,42.63,4400,42.62,500,42.61,400,42.6,100,42.65,800,42.66,800,42.67,600,42.68,700,42.69,6300,HOLD
1780883595266,09:53:12,42.67,41.5,42.75,41.5,44.0,3526200.0,149100000.0,42.66,3800,42.65,100,42.64,8200,42.63,4400,42.62,500,42.67,700,42.68,600,42.69,6300,42.7,4600,42.73,5900,HOLD
1780883598269,09:53:15,42.67,41.5,42.75,41.5,44.0,3526400.0,149110000.0,42.66,3300,42.65,900,42.64,8400,42.63,4400,42.62,500,42.67,600,42.68,600,42.69,6300,42.7,4400,42.73,5900,HOLD
1780883601286,09:53:18,42.66,41.5,42.75,41.5,44.0,3529800.0,149250000.0,42.65,1500,42.64,8400,42.63,4400,42.62,500,42.61,400,42.66,6600,42.67,600,42.68,600,42.69,6200,42.7,3900,HOLD
1780883604278,09:53:21,42.58,41.5,42.75,41.5,44.0,3548700.0,150060000.0,42.57,2300,42.56,4600,42.55,900,42.53,100,42.52,100,42.58,900,42.61,11000,42.62,15000,42.63,8500,42.64,8300,HOLD
1780883607285,09:53:24,42.58,41.5,42.75,41.5,44.0,3550300.0,150130000.0,42.57,800,42.56,4600,42.55,900,42.53,100,42.52,100,42.58,1000,42.61,10800,42.62,15000,42.63,8500,42.64,8300,HOLD
1780883610297,09:53:27,42.58,41.5,42.75,41.5,44.0,3550800.0,150150000.0,42.57,800,42.56,4600,42.55,900,42.53,100,42.52,100,42.58,1000,42.61,10800,42.62,15000,42.63,4300,42.64,8200,HOLD
1780883613309,09:53:30,42.57,41.5,42.75,41.5,44.0,3550900.0,150150000.0,42.57,1800,42.56,4600,42.55,900,42.53,100,42.52,100,42.58,1200,42.61,10800,42.62,15000,42.63,4300,42.64,8200,HOLD
1780883616325,09:53:33,42.58,41.5,42.75,41.5,44.0,3558000.0,150450000.0,42.58,2100,42.57,100,42.56,4500,42.55,900,42.53,100,42.6,400,42.61,10800,42.62,15100,42.63,4300,42.64,8200,HOLD
1780883619317,09:53:36,42.6,41.5,42.75,41.5,44.0,3559600.0,150520000.0,42.59,600,42.58,700,42.57,200,42.56,4500,42.55,900,42.6,200,42.61,10800,42.62,15100,42.63,4300,42.64,9200,HOLD
1780883622321,09:53:39,42.57,41.5,42.75,41.5,44.0,3562600.0,150650000.0,42.56,4500,42.55,900,42.53,100,42.52,100,42.51,400,42.57,14300,42.6,700,42.61,10800,42.62,15100,42.63,4300,HOLD
1780883625325,09:53:42,42.57,41.5,42.75,41.5,44.0,3563000.0,150670000.0,42.56,4500,42.55,900,42.53,100,42.52,100,42.51,400,42.57,14000,42.59,31900,42.6,700,42.61,10800,42.62,14500,HOLD
1780883631337,09:53:48,42.59,41.5,42.75,41.5,44.0,3592200.0,151910000.0,42.58,3400,42.57,29500,42.56,4500,42.55,900,42.53,100,42.59,16700,42.6,700,42.61,10800,42.62,14500,42.63,4300,HOLD
1780883634342,09:53:51,42.59,41.5,42.75,41.5,44.0,3592800.0,151940000.0,42.58,3400,42.57,30000,42.56,4500,42.55,900,42.53,100,42.59,16300,42.6,700,42.61,10800,42.62,14500,42.63,4300,HOLD
1780883637352,09:53:54,42.58,41.5,42.75,41.5,44.0,3596200.0,152080000.0,42.57,30000,42.56,4500,42.55,900,42.53,100,42.52,100,42.59,16300,42.6,700,42.61,10800,42.62,14500,42.63,4300,HOLD
1780883640360,09:53:57,42.55,41.5,42.75,41.5,44.0,3633300.0,153660000.0,42.55,100,42.53,100,42.52,100,42.51,400,42.5,500,42.57,3600,42.58,2000,42.59,16400,42.6,700,42.61,10800,HOLD
1780883643370,09:54:00,42.53,41.5,42.75,41.5,44.0,3633900.0,153690000.0,42.52,100,42.51,300,42.5,500,42.48,100,42.46,300,42.53,1200,42.55,400,42.56,100,42.57,3600,42.58,2000,HOLD
1780883646380,09:54:03,42.52,41.5,42.75,41.5,44.0,3635300.0,153750000.0,42.51,300,42.5,500,42.48,100,42.46,300,42.45,900,42.52,400,42.55,2700,42.56,100,42.57,3600,42.58,2000,HOLD
1780883649393,09:54:06,42.52,41.5,42.75,41.5,44.0,3635600.0,153760000.0,42.51,300,42.5,500,42.48,200,42.46,300,42.45,900,42.52,1700,42.55,2500,42.56,100,42.57,3600,42.58,2000,HOLD
1780883652408,09:54:09,42.51,41.5,42.75,41.5,44.0,3636800.0,153810000.0,42.5,500,42.48,200,42.46,300,42.45,900,42.44,800,42.51,100,42.52,1200,42.55,2500,42.56,100,42.57,3600,HOLD
1780883655409,09:54:12,42.45,41.5,42.75,41.5,44.0,3642300.0,154040000.0,42.46,400,42.45,400,42.44,400,42.43,400,42.42,500,42.51,200,42.52,800,42.55,2400,42.56,100,42.57,3600,HOLD
1780883661426,09:54:15,42.51,41.5,42.75,41.5,44.0,3642400.0,154050000.0,42.47,200,42.46,500,42.45,400,42.44,400,42.43,400,42.51,100,42.52,800,42.55,2400,42.56,100,42.57,3600,HOLD
1780883664433,09:54:21,42.52,41.5,42.75,41.5,44.0,3643400.0,154090000.0,42.52,300,42.51,500,42.49,200,42.48,200,42.47,100,42.55,5000,42.57,3600,42.58,900,42.59,16200,42.6,5900,HOLD
1780883667440,09:54:24,42.51,41.5,42.75,41.5,44.0,3650500.0,154390000.0,42.51,2400,42.5,100,42.49,300,42.48,200,42.47,100,42.52,1500,42.53,1000,42.55,4700,42.57,3200,42.58,900,HOLD
1780883670452,09:54:27,42.53,41.5,42.75,41.5,44.0,3653200.0,154510000.0,42.53,2800,42.52,1200,42.51,500,42.5,100,42.49,300,42.54,1600,42.55,4700,42.57,3200,42.58,900,42.59,16200,HOLD
1780883673456,09:54:30,42.64,41.5,42.75,41.5,44.0,3697900.0,156410000.0,42.62,2000,42.6,3900,42.57,600,42.56,700,42.55,13600,42.64,500,42.66,5700,42.67,2900,42.68,500,42.69,5700,HOLD
1780883676463,09:54:33,42.67,41.5,42.75,41.5,44.0,3705700.0,156740000.0,42.66,1000,42.65,500,42.64,700,42.63,3400,42.62,2000,42.67,1600,42.68,500,42.69,5700,42.7,3900,42.71,100,HOLD
1780883679466,09:54:36,42.67,41.5,42.75,41.5,44.0,3706800.0,156790000.0,42.66,1000,42.65,500,42.64,800,42.63,3400,42.62,2000,42.67,500,42.68,500,42.69,5700,42.7,3900,42.71,100,HOLD
1780883685472,09:54:42,42.67,41.5,42.75,41.5,44.0,3708000.0,156840000.0,42.66,700,42.65,500,42.64,800,42.63,3400,42.62,900,42.67,6100,42.68,300,42.69,5700,42.7,3900,42.71,100,HOLD
1780883688478,09:54:45,42.66,41.5,42.75,41.5,44.0,3709300.0,156900000.0,42.66,300,42.65,500,42.64,800,42.63,3400,42.62,900,42.67,6300,42.68,300,42.69,5700,42.7,3900,42.71,100,HOLD
1780883694494,09:54:51,42.66,41.5,42.75,41.5,44.0,3709700.0,156910000.0,42.65,1300,42.64,800,42.63,3400,42.62,1100,42.61,500,42.66,200,42.67,6300,42.68,700,42.69,5700,42.7,3900,HOLD
1780883697501,09:54:54,42.64,41.5,42.75,41.5,44.0,3712000.0,157010000.0,42.63,3400,42.62,200,42.61,500,42.6,100,42.56,700,42.64,5200,42.65,2500,42.66,4900,42.67,8600,42.68,700,HOLD
1780883700507,09:54:57,42.61,41.5,42.75,41.5,44.0,3716100.0,157190000.0,42.6,100,42.56,700,42.55,14200,42.54,600,42.53,2700,42.61,3400,42.62,600,42.63,400,42.65,3300,42.66,2000,HOLD
1780883703518,09:55:00,42.61,41.5,42.75,41.5,44.0,3716400.0,157200000.0,42.56,1900,42.55,14200,42.54,100,42.53,2700,42.52,1800,42.61,2300,42.63,400,42.65,3300,42.66,2000,42.67,6300,HOLD
1780883709535,09:55:06,42.6,41.5,42.75,41.5,44.0,3716900.0,157220000.0,42.57,100,42.56,1800,42.55,14200,42.54,100,42.53,2700,42.6,1800,42.61,2000,42.65,3300,42.66,1000,42.67,6300,HOLD
1780883712547,09:55:09,42.6,41.5,42.75,41.5,44.0,3716900.0,157220000.0,42.57,200,42.56,1800,42.55,14200,42.54,100,42.53,2700,42.6,1800,42.61,2000,42.65,3300,42.66,1000,42.67,6300,HOLD
1780883715554,09:55:12,42.53,41.5,42.75,41.5,44.0,3739000.0,158160000.0,42.52,100,42.51,500,42.5,1700,42.49,100,42.48,200,42.53,1400,42.54,1000,42.55,3500,42.56,300,42.57,600,HOLD
1780883718559,09:55:15,42.53,41.5,42.75,41.5,44.0,3740100.0,158210000.0,42.52,200,42.51,500,42.5,1800,42.49,100,42.48,200,42.53,300,42.56,200,42.57,600,42.58,400,42.6,1800,HOLD
1780883721565,09:55:18,42.53,41.5,42.75,41.5,44.0,3741300.0,158260000.0,42.51,1000,42.5,1800,42.49,100,42.48,200,42.47,100,42.55,1600,42.57,600,42.58,400,42.6,1800,42.61,4000,HOLD
1780883724565,09:55:21,42.53,41.5,42.75,41.5,44.0,3745100.0,158420000.0,42.53,400,42.52,700,42.51,300,42.5,1800,42.49,100,42.55,1500,42.57,600,42.58,400,42.6,1800,42.61,4000,HOLD
1780883727574,09:55:24,42.55,41.5,42.75,41.5,44.0,3747100.0,158510000.0,42.55,200,42.54,400,42.53,1600,42.52,500,42.51,300,42.57,800,42.58,400,42.6,2500,42.61,4000,42.65,3300,HOLD
1780883730585,09:55:27,42.55,41.5,42.75,41.5,44.0,3747100.0,158510000.0,42.56,800,42.55,400,42.54,400,42.53,1600,42.51,300,42.57,800,42.58,400,42.6,2500,42.61,4000,42.65,3300,HOLD
1780883733598,09:55:30,42.57,41.5,42.75,41.5,44.0,3748600.0,158570000.0,42.57,100,42.56,200,42.55,600,42.54,50000,42.53,2100,42.58,400,42.6,2500,42.61,4000,42.65,3300,42.67,7500,HOLD
1780883736606,09:55:33,42.57,41.5,42.75,41.5,44.0,3752100.0,158720000.0,42.56,200,42.55,400,42.54,50000,42.53,2100,42.51,300,42.6,1700,42.61,4000,42.65,3300,42.67,7500,42.68,1100,HOLD
1780883739622,09:55:36,42.6,41.5,42.75,41.5,44.0,3752200.0,158720000.0,42.56,200,42.55,1000,42.53,2100,42.51,300,42.5,2800,42.6,1100,42.61,4000,42.65,3300,42.67,7500,42.68,1100,HOLD
1780883742633,09:55:39,42.6,41.5,42.75,41.5,44.0,3752300.0,158730000.0,42.56,200,42.55,1000,42.53,2100,42.51,300,42.5,2800,42.6,1000,42.61,4000,42.65,3300,42.67,7500,42.68,1100,HOLD
1780883748647,09:55:45,42.59,41.5,42.75,41.5,44.0,3753100.0,158760000.0,42.55,1100,42.53,1900,42.51,300,42.5,2900,42.49,100,42.59,900,42.6,700,42.61,4000,42.65,3300,42.67,7500,HOLD
1780883751654,09:55:48,42.71,41.5,42.75,41.5,44.0,3785800.0,160160000.0,42.72,1900,42.71,300,42.7,1900,42.69,7200,42.66,800,42.73,5900,42.74,900,42.75,3600,42.78,700,42.79,1500,HOLD
1780883754656,09:55:51,42.78,41.5,42.78,41.5,44.0,3796700.0,160620000.0,42.77,2300,42.76,1100,42.75,200,42.74,200,42.73,2400,42.78,200,42.79,1500,42.8,900,42.84,500,42.88,8900,HOLD
1780883760674,09:55:57,42.84,41.5,42.84,41.5,44.0,3799400.0,160740000.0,42.8,1200,42.79,200,42.78,300,42.77,2500,42.75,200,42.84,1800,42.88,200,42.9,200,42.93,100,42.95,300,HOLD
1780883763678,09:56:00,42.84,41.5,42.84,41.5,44.0,3800300.0,160780000.0,42.8,1300,42.79,200,42.78,200,42.77,2500,42.73,1900,42.84,1200,42.88,200,42.9,100,42.93,100,42.95,300,HOLD
1780883769694,09:56:06,42.8,41.5,42.84,41.5,44.0,3800500.0,160780000.0,42.8,1200,42.79,2200,42.78,300,42.77,2500,42.73,1900,42.83,100,42.84,1800,42.88,200,42.9,100,42.93,100,HOLD
1780883772700,09:56:09,42.8,41.5,42.84,41.5,44.0,3802100.0,160850000.0,42.8,400,42.79,2200,42.78,300,42.77,2500,42.73,1900,42.84,500,42.88,200,42.9,100,42.93,100,42.95,1100,HOLD
1780883775703,09:56:12,42.8,41.5,42.84,41.5,44.0,3804500.0,160960000.0,42.79,2200,42.78,300,42.77,2500,42.73,1900,42.72,900,42.8,1700,42.83,200,42.84,1600,42.88,200,42.9,100,HOLD
1780883778711,09:56:15,42.88,41.5,42.9,41.5,44.0,3809000.0,161150000.0,42.88,400,42.85,800,42.84,46200,42.79,2200,42.78,2300,42.93,100,42.95,1100,42.99,3100,43.0,7800,43.01,100,HOLD
1780883781727,09:56:18,42.93,41.5,42.93,41.5,44.0,3815900.0,161440000.0,42.8,300,42.79,2300,42.78,2300,42.77,2300,42.73,1300,42.91,200,42.92,100,42.93,1700,42.95,1100,42.99,3100,HOLD
1780883784728,09:56:21,42.8,41.5,42.93,41.5,44.0,3817100.0,161500000.0,42.81,300,42.8,900,42.79,2300,42.78,2300,42.77,2300,42.9,1500,42.91,200,42.92,100,42.93,1700,42.95,1100,HOLD
1780883787746,09:56:24,42.89,41.5,42.93,41.5,44.0,3817700.0,161520000.0,42.81,3600,42.8,900,42.79,2300,42.78,2200,42.77,2300,42.89,500,42.9,1500,42.91,200,42.92,100,42.93,700,HOLD
1780883790754,09:56:27,42.89,41.5,42.93,41.5,44.0,3817800.0,161530000.0,42.82,100,42.81,3600,42.8,1300,42.79,2300,42.78,2400,42.89,500,42.9,1500,42.91,200,42.92,100,42.93,1900,HOLD
1780883793764,09:56:30,42.9,41.5,42.93,41.5,44.0,3820300.0,161630000.0,42.84,100,42.83,500,42.82,1500,42.81,3600,42.8,1300,42.88,700,42.91,300,42.92,100,42.93,2800,42.95,1100,HOLD
1780883796777,09:56:33,42.87,41.5,42.93,41.5,44.0,3820800.0,161650000.0,42.84,600,42.83,500,42.82,1500,42.81,3600,42.8,2400,42.88,500,42.89,200,42.91,300,42.92,100,42.93,2800,HOLD
1780883799790,09:56:36,42.87,41.5,42.93,41.5,44.0,3820800.0,161650000.0,42.84,600,42.83,500,42.82,1500,42.81,3600,42.8,2400,42.87,100,42.88,700,42.89,200,42.9,500,42.91,300,HOLD
1780883802799,09:56:39,42.84,41.5,42.93,41.5,44.0,3822000.0,161710000.0,42.83,400,42.82,1500,42.81,3600,42.8,2400,42.79,2300,42.84,100,42.87,100,42.88,700,42.89,200,42.9,1300,HOLD
1780883805797,09:56:42,42.83,41.5,42.93,41.5,44.0,3823300.0,161760000.0,42.83,300,42.82,1500,42.81,3600,42.8,2400,42.79,2300,42.84,600,42.87,200,42.88,700,42.9,900,42.91,100,HOLD
1780883808817,09:56:45,42.84,41.5,42.93,41.5,44.0,3825400.0,161850000.0,42.81,3400,42.8,2300,42.79,200,42.78,2400,42.77,2300,42.84,900,42.86,5200,42.87,200,42.88,700,42.89,500,HOLD
1780883811823,09:56:48,42.77,41.5,42.93,41.5,44.0,3836400.0,162320000.0,42.77,1900,42.74,300,42.72,900,42.66,200,42.62,200,42.79,400,42.8,400,42.81,3000,42.82,300,42.83,2900,HOLD
1780883814835,09:56:51,42.77,41.5,42.93,41.5,44.0,3838600.0,162420000.0,42.75,1600,42.74,300,42.72,900,42.66,200,42.65,600,42.79,300,42.8,200,42.81,3000,42.82,300,42.83,5600,HOLD
1780883817842,09:56:54,42.77,41.5,42.93,41.5,44.0,3839500.0,162450000.0,42.75,1100,42.74,300,42.73,600,42.72,900,42.66,200,42.77,100,42.79,300,42.8,200,42.81,3000,42.82,300,HOLD
1780883820851,09:56:57,42.75,41.5,42.93,41.5,44.0,3839800.0,162470000.0,42.75,900,42.74,300,42.73,600,42.72,900,42.66,200,42.77,300,42.79,300,42.8,200,42.81,3000,42.82,300,HOLD
1780883823866,09:57:00,42.79,41.5,42.93,41.5,44.0,3840800.0,162510000.0,42.79,1000,42.77,100,42.75,900,42.74,300,42.73,600,42.8,1200,42.81,3000,42.82,500,42.83,200,42.84,700,HOLD
1780883826869,09:57:03,42.8,41.5,42.93,41.5,44.0,3842400.0,162580000.0,42.77,300,42.76,100,42.75,700,42.74,300,42.73,600,42.8,600,42.81,3000,42.82,500,42.83,200,42.84,700,HOLD
1780883832892,09:57:09,42.75,41.5,42.93,41.5,44.0,3848900.0,162860000.0,42.74,500,42.73,600,42.72,900,42.66,200,42.62,200,42.75,3800,42.76,200,42.79,1200,42.81,3000,42.82,500,HOLD
1780883835903,09:57:12,42.74,41.5,42.93,41.5,44.0,3849400.0,162880000.0,42.72,900,42.69,600,42.66,200,42.62,200,42.61,200,42.74,2800,42.75,3800,42.76,200,42.79,1200,42.81,3000,HOLD
1780883838909,09:57:15,42.62,41.5,42.93,41.5,44.0,3851200.0,162960000.0,42.62,400,42.61,200,42.6,1000,42.57,200,42.56,2900,42.71,2100,42.72,500,42.73,2100,42.74,4800,42.75,3800,HOLD
1780883841934,09:57:18,42.62,41.5,42.93,41.5,44.0,3851200.0,162960000.0,42.62,400,42.61,200,42.6,1000,42.57,200,42.56,2900,42.71,2100,42.72,500,42.73,2100,42.74,5700,42.75,3800,HOLD
1780883844923,09:57:21,42.71,41.5,42.93,41.5,44.0,3851600.0,162970000.0,42.63,100,42.62,100,42.61,200,42.6,1000,42.57,200,42.71,2000,42.72,500,42.73,2100,42.74,5700,42.75,3800,HOLD
1780883847929,09:57:24,42.71,41.5,42.93,41.5,44.0,3851600.0,162970000.0,42.65,100,42.64,600,42.63,100,42.62,700,42.61,200,42.71,2000,42.73,2100,42.74,4700,42.75,3800,42.76,200,HOLD
1780883850935,09:57:27,42.71,41.5,42.93,41.5,44.0,3852200.0,163000000.0,42.67,100,42.66,100,42.65,400,42.64,600,42.63,100,42.71,1400,42.73,2100,42.74,4700,42.75,3800,42.76,200,HOLD
1780883853941,09:57:30,42.65,41.5,42.93,41.5,44.0,3852800.0,163020000.0,42.65,200,42.64,400,42.63,100,42.62,900,42.61,200,42.7,100,42.71,1300,42.73,2100,42.74,4700,42.75,3800,HOLD
1780883859961,09:57:36,42.66,41.5,42.93,41.5,44.0,3853100.0,163040000.0,42.66,100,42.65,300,42.64,200,42.63,100,42.62,900,42.67,900,42.68,1500,42.69,1600,42.7,1400,42.71,1300,HOLD
1780883862964,09:57:39,42.66,41.5,42.93,41.5,44.0,3853100.0,163040000.0,42.66,100,42.65,1500,42.64,200,42.63,100,42.62,900,42.67,900,42.68,1500,42.69,1600,42.7,1400,42.71,1300,HOLD
1780883868979,09:57:45,42.66,41.5,42.93,41.5,44.0,3855900.0,163160000.0,42.64,200,42.63,100,42.62,900,42.61,800,42.6,2200,42.66,9500,42.67,900,42.68,1500,42.69,1600,42.7,1400,HOLD
1780883871988,09:57:48,42.73,41.5,42.93,41.5,44.0,3868400.0,163690000.0,42.69,500,42.68,2400,42.66,100,42.65,1300,42.64,500,42.74,4700,42.75,3800,42.76,200,42.77,200,42.79,100,HOLD
1780883874991,09:57:51,42.73,41.5,42.93,41.5,44.0,3868400.0,163690000.0,42.72,200,42.71,100,42.7,1100,42.69,900,42.68,100,42.74,3700,42.75,3800,42.77,200,42.79,100,42.8,400,HOLD
1780883878003,09:57:54,42.73,41.5,42.93,41.5,44.0,3869400.0,163730000.0,42.73,400,42.72,200,42.71,100,42.7,1100,42.69,1200,42.74,2900,42.75,3800,42.77,200,42.79,100,42.8,400,HOLD
1780883881013,09:57:57,42.73,41.5,42.93,41.5,44.0,3871500.0,163820000.0,42.72,200,42.7,1100,42.69,1200,42.68,100,42.67,500,42.73,400,42.74,2300,42.75,3800,42.77,200,42.79,100,HOLD
1780883884018,09:58:00,42.73,41.5,42.93,41.5,44.0,3871600.0,163830000.0,42.72,200,42.7,1100,42.69,1200,42.68,100,42.67,500,42.73,900,42.74,2300,42.75,3800,42.77,200,42.79,100,HOLD
1780883890039,09:58:06,42.66,41.5,42.93,41.5,44.0,3878100.0,164100000.0,42.66,300,42.65,1000,42.64,600,42.63,500,42.61,200,42.7,200,42.71,1100,42.73,2800,42.74,2300,42.75,3800,HOLD
1780883893050,09:58:09,42.66,41.5,42.93,41.5,44.0,3878100.0,164100000.0,42.66,400,42.65,1000,42.64,700,42.63,500,42.61,200,42.7,200,42.71,1100,42.73,2300,42.74,2300,42.75,3800,HOLD
1780883902077,09:58:18,42.66,41.5,42.93,41.5,44.0,3878100.0,164100000.0,42.68,300,42.67,200,42.66,51300,42.65,1000,42.64,100,42.73,1400,42.74,2300,42.75,3800,42.77,200,42.79,100,HOLD
1780883905090,09:58:21,42.75,41.5,42.93,41.5,44.0,3882800.0,164300000.0,42.74,900,42.73,500,42.69,500,42.68,300,42.66,50900,42.75,3000,42.77,200,42.79,100,42.8,400,42.81,2500,HOLD
1780883908099,09:58:24,42.74,41.5,42.93,41.5,44.0,3883500.0,164330000.0,42.74,600,42.73,500,42.69,500,42.68,300,42.66,50900,42.75,2700,42.77,200,42.79,100,42.8,400,42.81,2500,HOLD
1780883911104,09:58:27,42.74,41.5,42.93,41.5,44.0,3883600.0,164340000.0,42.74,400,42.73,500,42.69,500,42.68,300,42.66,50900,42.75,2700,42.77,200,42.79,100,42.8,400,42.81,2500,HOLD
1780883914110,09:58:30,42.73,41.5,42.93,41.5,44.0,3888900.0,164560000.0,42.73,2700,42.72,100,42.69,500,42.68,200,42.66,50900,42.75,3200,42.77,200,42.79,100,42.8,400,42.81,2500,HOLD
1780883917123,09:58:33,42.73,41.5,42.93,41.5,44.0,3888900.0,164560000.0,42.74,1000,42.73,2700,42.72,100,42.7,1100,42.69,500,42.75,3200,42.77,200,42.79,100,42.8,400,42.81,2500,HOLD
1780883920136,09:58:36,42.73,41.5,42.93,41.5,44.0,3890000.0,164610000.0,42.74,300,42.73,2700,42.72,100,42.7,1100,42.69,500,42.75,3200,42.77,200,42.79,100,42.8,400,42.81,2500,HOLD
1780883923143,09:58:39,42.75,41.5,42.93,41.5,44.0,3890100.0,164620000.0,42.74,300,42.73,2700,42.7,1300,42.69,500,42.68,500,42.75,3100,42.77,200,42.79,100,42.8,3200,42.81,2500,HOLD
1780883926151,09:58:42,42.73,41.5,42.93,41.5,44.0,3893700.0,164770000.0,42.7,1500,42.69,600,42.68,300,42.67,600,42.66,50900,42.73,6900,42.74,2600,42.75,3100,42.77,200,42.79,100,HOLD
1780883929157,09:58:45,42.72,41.5,42.93,41.5,44.0,3895500.0,164850000.0,42.69,600,42.68,300,42.67,600,42.66,50900,42.65,1100,42.72,5500,42.73,6800,42.74,2600,42.75,3100,42.77,200,HOLD
1780883932156,09:58:48,42.71,41.5,42.93,41.5,44.0,3895700.0,164860000.0,42.69,600,42.68,300,42.67,600,42.66,50900,42.65,1100,42.72,5400,42.73,6800,42.74,2700,42.75,3100,42.77,200,HOLD
1780883935158,09:58:51,42.71,41.5,42.93,41.5,44.0,3896000.0,164870000.0,42.71,200,42.7,700,42.69,500,42.68,300,42.67,600,42.72,5900,42.73,6800,42.74,2700,42.75,3100,42.77,200,HOLD
1780883938159,09:58:54,42.71,41.5,42.93,41.5,44.0,3896500.0,164890000.0,42.7,700,42.69,100,42.68,300,42.67,500,42.66,50900,42.72,700,42.73,6800,42.74,2700,42.75,3100,42.77,200,HOLD
1780883941164,09:58:57,42.71,41.5,42.93,41.5,44.0,3897400.0,164930000.0,42.7,700,42.69,100,42.68,300,42.67,500,42.66,50900,42.71,300,42.72,700,42.73,6800,42.74,2700,42.75,3100,HOLD
1780883944171,09:59:00,42.71,41.5,42.93,41.5,44.0,3897600.0,164940000.0,42.7,700,42.69,100,42.68,300,42.67,500,42.66,50900,42.71,600,42.72,700,42.73,6800,42.74,2700,42.75,3100,HOLD
1780883947184,09:59:03,42.7,41.5,42.93,41.5,44.0,3898400.0,164970000.0,42.69,100,42.68,300,42.67,500,42.66,50900,42.65,1200,42.7,400,42.71,600,42.72,700,42.73,6800,42.74,2500,HOLD
1780883950188,09:59:06,42.7,41.5,42.93,41.5,44.0,3898400.0,164970000.0,42.69,100,42.68,300,42.67,500,42.66,50900,42.65,1200,42.7,500,42.71,600,42.72,700,42.73,6800,42.74,2500,HOLD
1780883953195,09:59:09,42.7,41.5,42.93,41.5,44.0,3898400.0,164970000.0,42.69,100,42.68,300,42.67,500,42.66,50900,42.65,1200,42.7,800,42.71,600,42.72,700,42.73,6800,42.74,2500,HOLD
1780883956203,09:59:12,42.69,41.5,42.93,41.5,44.0,3898700.0,164980000.0,42.68,300,42.67,600,42.66,51000,42.65,1200,42.64,200,42.69,400,42.7,2200,42.71,600,42.72,700,42.73,6800,HOLD
1780883959219,09:59:15,42.71,41.5,42.93,41.5,44.0,3901900.0,165120000.0,42.7,500,42.69,500,42.68,300,42.67,600,42.66,51000,42.72,700,42.73,100,42.74,2500,42.75,3100,42.77,200,HOLD
1780883962224,09:59:18,42.73,41.5,42.93,41.5,44.0,3902800.0,165160000.0,42.72,100,42.7,400,42.69,500,42.68,300,42.67,600,42.74,1400,42.75,2600,42.77,200,42.79,100,42.8,3300,HOLD
1780883965227,09:59:21,42.7,41.5,42.93,41.5,44.0,3903100.0,165170000.0,42.7,200,42.69,500,42.68,300,42.67,600,42.66,51100,42.74,1400,42.75,2600,42.77,200,42.79,100,42.8,3300,HOLD
1780883968239,09:59:24,42.73,41.5,42.93,41.5,44.0,3903300.0,165180000.0,42.7,200,42.69,500,42.68,300,42.67,600,42.66,51100,42.74,1400,42.75,2600,42.77,200,42.79,100,42.8,3300,HOLD
1780883974251,09:59:30,42.74,41.5,42.93,41.5,44.0,3906400.0,165310000.0,42.74,4800,42.69,1900,42.68,300,42.67,600,42.66,43300,42.75,2600,42.77,200,42.79,100,42.8,3300,42.81,2500,HOLD
1780883977264,09:59:33,42.77,41.5,42.93,41.5,44.0,3909200.0,165430000.0,42.75,14600,42.74,4700,42.69,1900,42.68,300,42.67,600,42.77,100,42.79,100,42.8,3300,42.81,2500,42.82,200,HOLD
1780883980270,09:59:36,42.77,41.5,42.93,41.5,44.0,3909400.0,165440000.0,42.77,2100,42.76,500,42.75,14100,42.74,600,42.69,1900,42.79,100,42.8,3300,42.81,2500,42.82,200,42.83,200,HOLD
1780883983285,09:59:39,42.79,41.5,42.93,41.5,44.0,3914900.0,165680000.0,42.76,500,42.75,7200,42.74,600,42.69,1900,42.68,300,42.79,2200,42.8,3300,42.81,2500,42.82,200,42.83,200,HOLD
1780883986293,09:59:42,42.78,41.5,42.93,41.5,44.0,3928200.0,166240000.0,42.77,100,42.76,500,42.75,6500,42.74,600,42.69,1900,42.78,2300,42.79,1100,42.8,5000,42.81,2500,42.82,200,HOLD
1780883989301,09:59:45,42.8,41.5,42.93,41.5,44.0,3935200.0,166540000.0,42.79,100,42.78,4100,42.77,100,42.76,500,42.75,5100,42.8,2900,42.81,2500,42.82,200,42.83,200,42.84,1100,HOLD
1780883992310,09:59:48,42.78,41.5,42.93,41.5,44.0,3946900.0,167040000.0,42.76,600,42.75,3000,42.74,600,42.69,1900,42.68,300,42.78,700,42.79,400,42.8,100,42.81,3300,42.82,200,HOLD
1780883995313,09:59:51,42.78,41.5,42.93,41.5,44.0,3949100.0,167140000.0,42.75,3000,42.74,600,42.69,1900,42.68,300,42.67,100,42.78,300,42.79,600,42.8,100,42.81,3300,42.82,200,HOLD
1780883998316,09:59:54,42.72,41.5,42.93,41.5,44.0,3953400.0,167320000.0,42.69,3500,42.68,300,42.67,100,42.66,6700,42.65,1700,42.72,100,42.74,2500,42.75,1100,42.77,1900,42.78,1300,HOLD
1780884001321,09:59:57,42.72,41.5,42.93,41.5,44.0,3953900.0,167340000.0,42.69,3500,42.68,300,42.67,100,42.66,6700,42.65,1700,42.73,100,42.74,2500,42.75,1100,42.77,1900,42.78,1300,HOLD
1780884004324,10:00:00,42.69,41.5,42.93,41.5,44.0,3958500.0,167540000.0,42.68,300,42.67,100,42.66,6700,42.65,1700,42.64,100,42.69,3400,42.72,6800,42.73,3800,42.74,2500,42.75,300,HOLD
1780884007352,10:00:03,42.67,41.5,42.93,41.5,44.0,3965800.0,167850000.0,42.67,100,42.66,4500,42.65,1700,42.64,100,42.63,500,42.69,600,42.72,6800,42.73,3800,42.74,2500,42.75,300,HOLD
1780884010353,10:00:06,42.67,41.5,42.93,41.5,44.0,3967600.0,167930000.0,42.67,400,42.66,4400,42.65,1700,42.64,100,42.63,500,42.68,400,42.72,6800,42.73,3800,42.74,2500,42.75,300,HOLD
1780884013352,10:00:09,42.7,41.5,42.93,41.5,44.0,3968200.0,167950000.0,42.68,800,42.67,400,42.66,4400,42.65,1700,42.64,100,42.72,6800,42.73,3800,42.74,2500,42.75,300,42.77,1500,HOLD
1780884016359,10:00:12,42.69,41.5,42.93,41.5,44.0,3976200.0,168300000.0,42.69,1700,42.68,300,42.66,4400,42.65,1700,42.64,100,42.73,200,42.74,2500,42.75,300,42.77,1500,42.78,1200,HOLD
1780884019375,10:00:15,42.72,41.5,42.93,41.5,44.0,3978300.0,168390000.0,42.69,2000,42.67,100,42.66,4500,42.65,1700,42.64,100,42.75,300,42.77,1500,42.78,1200,42.79,200,42.8,100,HOLD
1780884022388,10:00:18,42.75,41.5,42.93,41.5,44.0,3978400.0,168390000.0,42.7,300,42.69,2100,42.67,1100,42.66,4500,42.65,1700,42.75,200,42.77,1500,42.78,1200,42.79,200,42.8,100,HOLD
1780884025381,10:00:21,42.75,41.5,42.93,41.5,44.0,3978400.0,168390000.0,42.72,100,42.71,400,42.7,300,42.69,2100,42.67,1100,42.75,300,42.77,1500,42.78,1200,42.79,200,42.8,100,HOLD
1780884028394,10:00:24,42.75,41.5,42.93,41.5,44.0,3978500.0,168390000.0,42.73,100,42.72,200,42.71,400,42.7,800,42.69,2100,42.75,100,42.77,1500,42.78,1200,42.79,200,42.8,100,HOLD
1780884031395,10:00:27,42.75,41.5,42.93,41.5,44.0,3978900.0,168410000.0,42.75,200,42.74,100,42.73,300,42.72,200,42.71,100,42.78,300,42.79,200,42.8,100,42.81,3300,42.82,200,HOLD
1780884034406,10:00:30,42.79,41.5,42.93,41.5,44.0,3980700.0,168490000.0,42.77,600,42.76,200,42.75,300,42.73,200,42.72,200,42.8,100,42.81,3300,42.82,200,42.83,200,42.84,1100,HOLD
1780884037416,10:00:33,42.77,41.5,42.93,41.5,44.0,3981300.0,168510000.0,42.78,100,42.77,900,42.76,200,42.75,500,42.73,200,42.8,100,42.81,3300,42.82,200,42.83,200,42.84,1100,HOLD
1780884040429,10:00:36,42.77,41.5,42.93,41.5,44.0,3982200.0,168550000.0,42.78,300,42.77,800,42.75,1500,42.73,200,42.72,200,42.8,100,42.81,2100,42.82,200,42.83,200,42.84,1100,HOLD
1780884043442,10:00:39,42.77,41.5,42.93,41.5,44.0,3982200.0,168550000.0,42.78,500,42.77,800,42.75,1500,42.73,200,42.72,200,42.79,100,42.8,100,42.81,2100,42.82,200,42.83,200,HOLD
1780884046459,10:00:42,42.79,41.5,42.93,41.5,44.0,3982500.0,168570000.0,42.78,400,42.77,800,42.75,1500,42.73,200,42.72,200,42.8,300,42.81,2100,42.82,200,42.83,200,42.84,1100,HOLD
1780884049463,10:00:45,42.8,41.5,42.93,41.5,44.0,3982800.0,168580000.0,42.79,400,42.78,700,42.77,800,42.75,1500,42.73,200,42.81,2100,42.82,200,42.83,200,42.84,1100,42.85,500,HOLD
1780884052467,10:00:48,42.81,41.5,42.93,41.5,44.0,3983500.0,168610000.0,42.8,600,42.79,2900,42.78,700,42.77,800,42.75,1900,42.81,1400,42.82,200,42.83,200,42.84,1100,42.85,500,HOLD
1780884055484,10:00:51,42.8,41.5,42.93,41.5,44.0,3983900.0,168630000.0,42.8,1200,42.79,3400,42.78,600,42.77,800,42.75,1700,42.81,1100,42.82,200,42.83,200,42.84,1100,42.85,500,HOLD
1780884058490,10:00:54,42.81,41.5,42.93,41.5,44.0,3985100.0,168680000.0,42.8,1500,42.79,3400,42.78,600,42.77,800,42.75,1700,42.83,200,42.84,1100,42.85,500,42.86,300,42.87,1900,HOLD
1780884061505,10:00:57,42.8,41.5,42.93,41.5,44.0,3985500.0,168690000.0,42.8,3400,42.79,3400,42.78,600,42.77,800,42.75,1700,42.83,200,42.84,1100,42.85,500,42.86,300,42.87,1900,HOLD
1780884064520,10:01:00,42.83,41.5,42.93,41.5,44.0,3990600.0,168910000.0,42.82,900,42.81,5000,42.8,1900,42.79,3400,42.78,600,42.83,100,42.84,1100,42.85,500,42.86,300,42.87,2700,HOLD
1780884067534,10:01:03,42.82,41.5,42.93,41.5,44.0,3991200.0,168940000.0,42.82,600,42.81,5000,42.8,1900,42.79,3000,42.78,600,42.83,100,42.84,1100,42.85,500,42.86,300,42.87,2700,HOLD
1780884070544,10:01:06,42.82,41.5,42.93,41.5,44.0,3993900.0,169050000.0,42.81,3600,42.8,2100,42.79,3000,42.78,600,42.77,100,42.82,1000,42.83,600,42.84,1100,42.85,500,42.86,300,HOLD
1780884073558,10:01:09,42.82,41.5,42.93,41.5,44.0,3995500.0,169120000.0,42.81,3600,42.8,2100,42.79,3000,42.78,600,42.77,100,42.83,100,42.84,1100,42.85,500,42.86,300,42.87,2700,HOLD
1780884076566,10:01:12,42.83,41.5,42.93,41.5,44.0,4014100.0,169920000.0,42.81,100,42.8,1000,42.79,300,42.75,2100,42.72,200,42.83,100,42.84,1100,42.85,500,42.86,300,42.87,2700,HOLD
1780884079568,10:01:15,42.8,41.5,42.93,41.5,44.0,4016700.0,170030000.0,42.79,300,42.75,2100,42.72,200,42.71,100,42.7,1300,42.83,1900,42.84,1100,42.85,500,42.86,300,42.87,2700,HOLD
1780884082581,10:01:18,42.8,41.5,42.93,41.5,44.0,4017300.0,170060000.0,42.77,100,42.76,300,42.75,2100,42.72,200,42.71,100,42.8,400,42.81,500,42.82,400,42.83,900,42.84,1100,HOLD
1780884085592,10:01:21,42.81,41.5,42.93,41.5,44.0,4019300.0,170140000.0,42.75,2100,42.74,200,42.73,100,42.72,200,42.71,100,42.81,300,42.82,400,42.84,1100,42.85,500,42.86,300,HOLD
1780884088598,10:01:24,42.8,41.5,42.93,41.5,44.0,4022900.0,170290000.0,42.76,200,42.75,2300,42.74,200,42.73,100,42.72,200,42.8,100,42.81,100,42.82,400,42.84,1200,42.85,500,HOLD
1780884091608,10:01:27,42.79,41.5,42.93,41.5,44.0,4024500.0,170360000.0,42.77,300,42.76,200,42.75,2300,42.74,200,42.73,100,42.79,200,42.8,300,42.81,2500,42.82,1800,42.83,100,HOLD
1780884094617,10:01:30,42.74,41.5,42.93,41.5,44.0,4027600.0,170500000.0,42.73,100,42.72,200,42.71,100,42.7,1300,42.69,2500,42.76,2500,42.78,200,42.79,200,42.8,300,42.81,2400,HOLD
1780884097622,10:01:33,42.75,41.5,42.93,41.5,44.0,4028000.0,170510000.0,42.73,200,42.72,200,42.71,100,42.7,1000,42.69,2500,42.76,2500,42.78,200,42.79,200,42.8,300,42.81,2400,HOLD
1780884100627,10:01:36,42.73,41.5,42.93,41.5,44.0,4028800.0,170550000.0,42.72,400,42.71,100,42.7,1000,42.69,2500,42.68,300,42.73,4600,42.75,300,42.76,2400,42.78,200,42.79,200,HOLD
1780884103636,10:01:39,42.72,41.5,42.93,41.5,44.0,4029400.0,170570000.0,42.71,300,42.7,1000,42.69,2500,42.68,300,42.67,11900,42.73,4600,42.75,300,42.76,2400,42.78,200,42.79,200,HOLD
1780884106639,10:01:42,42.72,41.5,42.93,41.5,44.0,4029400.0,170570000.0,42.71,300,42.7,1000,42.69,2500,42.68,300,42.67,11900,42.73,4800,42.75,300,42.76,2400,42.78,200,42.79,200,HOLD
1780884109650,10:01:48,42.72,41.5,42.93,41.5,44.0,4032300.0,170700000.0,42.71,1000,42.7,1600,42.69,2500,42.68,300,42.67,11900,42.73,2700,42.75,300,42.76,2400,42.78,200,42.79,200,HOLD
1780884115663,10:01:54,42.67,41.5,42.93,41.5,44.0,4058000.0,171790000.0,42.65,700,42.64,100,42.62,300,42.61,500,42.6,2100,42.67,600,42.68,2100,42.69,2500,42.73,2400,42.75,200,HOLD
1780884121682,10:01:57,42.64,41.5,42.93,41.5,44.0,4058800.0,171830000.0,42.62,300,42.61,500,42.6,2100,42.57,200,42.56,3400,42.64,900,42.66,100,42.67,600,42.68,2100,42.69,2500,HOLD
1780884124696,10:02:00,42.63,41.5,42.93,41.5,44.0,4059700.0,171870000.0,42.6,2100,42.57,200,42.56,3400,42.55,300,42.53,6900,42.64,900,42.66,100,42.67,600,42.68,2100,42.69,2500,HOLD
1780884127700,10:02:03,42.6,41.5,42.93,41.5,44.0,4060700.0,171910000.0,42.6,1100,42.57,200,42.56,3400,42.55,400,42.53,6900,42.63,200,42.64,4700,42.66,100,42.67,600,42.68,2100,HOLD
