local_time_ms,server_time,price,open,high,low,prev_close,cum_volume,cum_amount,bp1,bv1,bp2,bv2,bp3,bv3,bp4,bv4,bp5,bv5,sp1,sv1,sp2,sv2,sp3,sv3,sp4,sv4,sp5,sv5,signal
1781659500006,09:24:57,41.52,0.0,0.0,0.0,42.24,0.0,0.0,41.52,24100.0,0.0,900.0,0.0,0.0,0.0,0.0,0.0,0.0,41.52,24100.0,0.0,0.0,0.0,0.0,0.0,0.0,0.0,0.0,HOLD
1781659503007,09:25:00,41.5,41.5,41.5,41.5,42.24,36100.0,1498150.0,41.5,9600.0,41.44,100.0,41.39,1100.0,41.29,200.0,41.22,500.0,41.52,3100.0,41.53,7000.0,41.57,700.0,41.58,800.0,41.59,10800.0,HOLD
1781659587034,09:26:24,41.5,41.5,41.5,41.5,42.24,36100.0,1500000.0,41.5,9600,41.44,100,41.39,1100,41.29,200,41.22,500,41.52,3100,41.53,7000,41.57,700,41.58,800,41.59,10800,HOLD
1781659647060,09:27:24,41.5,41.5,41.5,41.5,42.24,36100.0,1500000.0,41.5,9600,41.44,100,41.39,1100,41.29,200,41.22,500,41.52,3100,41.53,7000,41.57,700,41.58,800,41.59,10800,HOLD
1781659707090,09:28:24,41.5,41.5,41.5,41.5,42.24,36100.0,1500000.0,41.5,9600,41.44,100,41.39,1100,41.29,200,41.22,500,41.52,3100,41.53,7000,41.57,700,41.58,800,41.59,10800,HOLD
1781659767081,09:29:24,41.5,41.5,41.5,41.5,42.24,36100.0,1500000.0,41.5,9600,41.44,100,41.39,1100,41.29,200,41.22,500,41.52,3100,41.53,7000,41.57,700,41.58,800,41.59,10800,HOLD
1781659806104,09:30:00,41.52,41.5,41.59,41.5,42.24,53900.0,2240000.0,41.52,4900,41.51,200,41.5,12500,41.44,100,41.39,1100,41.59,500,41.6,400,41.63,1600,41.78,100,41.89,300,HOLD
1781659806227,09:30:03,41.58,41.5,41.59,41.0,42.24,220500.0,9130000.0,41.57,100,41.54,2700,41.53,800,41.52,2900,41.51,200,41.58,600,41.59,900,41.6,2400,41.63,1600,41.78,100,HOLD
1781659809101,09:30:06,41.62,41.5,41.63,41.0,42.24,235700.0,9760000.0,41.62,2300,41.6,100,41.59,3700,41.58,2900,41.57,200,41.7,100,41.78,100,41.8,200,41.89,300,41.9,3000,HOLD
1781659812102,09:30:09,41.8,41.5,41.9,41.0,42.24,239800.0,9930000.0,41.8,600,41.75,100,41.74,1100,41.73,800,41.72,200,41.9,2800,41.92,200,41.95,500,41.97,200,41.98,500,HOLD
1781659815103,09:30:12,41.88,41.5,41.9,41.0,42.24,249000.0,10320000.0,41.81,100,41.8,500,41.74,300,41.73,800,41.72,4100,41.88,600,41.9,8100,41.92,200,41.95,500,41.97,200,HOLD
1781659818104,09:30:15,41.77,41.5,41.9,41.0,42.24,262400.0,10880000.0,41.72,100,41.7,1000,41.64,200,41.63,900,41.62,800,41.77,1900,41.8,500,41.81,1000,41.87,900,41.9,5800,HOLD
1781659821104,09:30:18,41.72,41.5,41.9,41.0,42.24,269100.0,11150000.0,41.64,200,41.63,900,41.62,800,41.61,100,41.6,400,41.72,11900,41.76,100,41.77,1300,41.8,500,41.81,1000,HOLD
1781659824106,09:30:21,41.72,41.5,41.9,41.0,42.24,276800.0,11480000.0,41.63,100,41.62,800,41.61,100,41.59,500,41.58,1800,41.7,11500,41.72,600,41.76,100,41.77,1000,41.8,500,HOLD
1781659824264,09:30:24,41.7,41.5,41.9,41.0,42.24,287100.0,11910000.0,41.63,6800,41.62,800,41.61,100,41.59,200,41.58,1800,41.7,2000,41.76,100,41.77,1000,41.8,500,41.81,1000,HOLD
1781659830110,09:30:27,41.64,41.5,41.9,41.0,42.24,300500.0,12460000.0,41.63,5700,41.62,800,41.61,100,41.58,1800,41.57,100,41.64,38800,41.76,400,41.77,1000,41.8,500,41.81,1000,HOLD
1781659833121,09:30:30,41.63,41.5,41.9,41.0,42.24,311000.0,12900000.0,41.63,2500,41.62,1000,41.61,100,41.58,1800,41.57,100,41.64,30100,41.74,1300,41.76,400,41.77,1000,41.8,500,HOLD
1781659836111,09:30:33,41.64,41.5,41.9,41.0,42.24,344800.0,14310000.0,41.64,15600,41.62,1000,41.61,100,41.58,1800,41.57,100,41.76,400,41.77,1000,41.9,1400,41.95,500,41.97,200,HOLD
1781659839114,09:30:36,41.76,41.5,41.9,41.0,42.24,349500.0,14500000.0,41.76,900,41.72,200,41.66,1400,41.65,1800,41.64,900,41.8,100,41.9,1400,41.95,500,41.97,200,41.98,600,HOLD
1781659842114,09:30:39,41.8,41.5,41.9,41.0,42.24,349600.0,14510000.0,41.8,2500,41.77,1600,41.76,900,41.72,200,41.66,1400,41.9,1400,41.95,500,41.97,200,41.98,600,41.99,200,HOLD
1781659845299,09:30:42,41.9,41.5,41.9,41.0,42.24,351600.0,14590000.0,41.92,1800,41.85,1200,41.8,4400,41.77,100,41.76,1600,41.95,500,41.97,200,41.98,600,41.99,200,42.0,1900,HOLD
1781659848118,09:30:45,41.93,41.5,41.98,41.0,42.24,354100.0,14700000.0,41.93,3200,41.92,600,41.9,200,41.85,1200,41.8,3700,41.98,500,41.99,200,42.0,1900,42.1,300,42.12,2000,HOLD
1781659851119,09:30:48,41.98,41.5,41.98,41.0,42.24,355400.0,14750000.0,41.98,100,41.95,5000,41.93,3200,41.92,100,41.9,200,41.99,200,42.0,1900,42.1,300,42.12,2000,42.2,100,HOLD
1781659854318,09:30:51,41.98,41.5,41.98,41.0,42.24,355500.0,14760000.0,41.95,5500,41.93,3300,41.92,100,41.91,1000,41.9,200,41.98,700,41.99,200,42.0,1900,42.1,300,42.12,2000,HOLD
1781659857125,09:30:54,41.99,41.5,41.99,41.0,42.24,356600.0,14800000.0,41.98,100,41.96,300,41.95,5500,41.94,400,41.93,3300,42.0,1800,42.1,300,42.12,2000,42.2,100,42.23,5000,HOLD
1781659860125,09:30:57,42.04,41.5,42.1,41.0,42.24,363700.0,15100000.0,42.0,2600,41.99,2500,41.98,600,41.96,100,41.95,4600,42.12,2000,42.2,100,42.23,5000,42.24,1500,42.25,1600,HOLD
1781659866136,09:31:00,42.09,41.5,42.12,41.0,42.24,369700.0,15350000.0,41.98,100,41.96,100,41.95,4600,41.94,400,41.93,3400,42.09,1400,42.12,1900,42.2,100,42.23,4800,42.24,1500,HOLD
1781659869130,09:31:06,41.96,41.5,42.12,41.0,42.24,374400.0,15550000.0,41.95,4500,41.94,1600,41.93,200,41.92,400,41.9,200,41.96,1200,41.97,1700,41.98,300,41.99,800,42.04,800,HOLD
1781659872131,09:31:09,41.94,41.5,42.12,41.0,42.24,390100.0,16210000.0,41.9,200,41.88,300,41.8,1400,41.76,700,41.65,300,41.94,6000,41.95,10900,41.96,1300,41.98,300,41.99,800,HOLD
1781659875132,09:31:12,41.94,41.5,42.12,41.0,42.24,395200.0,16420000.0,41.8,1400,41.76,700,41.65,300,41.63,1000,41.62,200,41.9,600,41.92,700,41.93,1100,41.94,2000,41.95,14800,HOLD
1781659878132,09:31:15,41.96,41.5,42.12,41.0,42.24,420500.0,17480000.0,41.96,2600,41.94,100,41.93,3700,41.92,600,41.91,500,42.04,700,42.05,600,42.08,800,42.12,2300,42.2,100,HOLD
1781659881134,09:31:18,41.97,41.5,42.12,41.0,42.24,423700.0,17620000.0,41.96,900,41.94,100,41.93,3700,41.92,600,41.91,500,42.02,400,42.03,1300,42.04,100,42.05,600,42.08,800,HOLD
1781659884135,09:31:21,42.05,41.5,42.12,41.0,42.24,458600.0,19080000.0,42.02,900,41.96,1200,41.95,200,41.94,3500,41.91,200,42.05,500,42.12,2300,42.2,100,42.23,4800,42.24,1500,HOLD
1781659890138,09:31:24,42.08,41.5,42.12,41.0,42.24,462500.0,19240000.0,42.03,100,42.02,1200,41.97,500,41.96,1200,41.95,200,42.11,400,42.12,2000,42.2,100,42.23,4800,42.24,1500,HOLD
1781659890403,09:31:27,42.05,41.5,42.12,41.0,42.24,468800.0,19510000.0,42.05,200,42.04,100,42.03,1900,42.0,2700,41.96,400,42.11,2300,42.12,3400,42.2,1100,42.23,4800,42.24,1600,HOLD
1781659893138,09:31:30,42.1,41.5,42.12,41.0,42.24,471500.0,19620000.0,42.05,300,42.04,600,41.96,400,41.93,600,41.9,600,42.09,300,42.11,300,42.12,2000,42.15,200,42.2,1100,HOLD
1781659896139,09:31:33,42.16,41.5,42.16,41.0,42.24,477000.0,19850000.0,42.11,200,42.1,100,42.09,1000,42.08,200,42.02,600,42.16,1700,42.19,400,42.2,1100,42.23,4800,42.24,1600,HOLD
1781659899152,09:31:36,42.12,41.5,42.16,41.0,42.24,477800.0,19890000.0,42.11,1400,42.09,1500,42.08,200,42.02,600,41.97,200,42.15,400,42.2,1600,42.23,4800,42.24,1600,42.25,2200,HOLD
1781659902141,09:31:39,42.08,41.5,42.16,41.0,42.24,486900.0,20270000.0,42.01,100,41.99,600,41.97,200,41.96,400,41.91,200,42.09,1700,42.1,200,42.11,900,42.15,400,42.16,1000,HOLD
1781659905143,09:31:42,42.12,41.5,42.16,41.0,42.24,491000.0,20440000.0,42.01,900,42.0,100,41.99,100,41.97,300,41.96,400,42.12,400,42.15,400,42.16,1000,42.2,1600,42.23,4800,HOLD
1781659908456,09:31:45,41.97,41.5,42.16,41.0,42.24,495300.0,20620000.0,41.96,400,41.91,200,41.9,500,41.82,200,41.81,500,42.01,1800,42.09,100,42.1,100,42.12,700,42.15,400,HOLD
1781659911146,09:31:48,42.01,41.5,42.16,41.0,42.24,497500.0,20720000.0,42.0,700,41.97,600,41.96,1200,41.92,700,41.9,500,42.01,200,42.11,800,42.12,700,42.15,400,42.16,1200,HOLD
1781659914146,09:31:51,42.0,41.5,42.16,41.0,42.24,512600.0,21350000.0,42.01,700,42.0,700,41.97,1000,41.96,33300,41.92,700,42.1,700,42.11,2000,42.15,4600,42.16,1300,42.18,200,HOLD
1781659917149,09:31:54,42.1,41.5,42.16,41.0,42.24,521900.0,21740000.0,42.1,300,42.08,700,42.07,400,42.04,800,42.03,800,42.18,300,42.2,2200,42.23,4800,42.24,1500,42.25,800,HOLD
1781659920151,09:31:57,42.18,41.5,42.18,41.0,42.24,523300.0,21800000.0,42.16,100,42.11,100,42.1,200,42.09,300,42.08,600,42.18,200,42.2,2200,42.23,4800,42.24,1500,42.25,800,HOLD
1781659923482,09:32:00,42.16,41.5,42.18,41.0,42.24,527300.0,21970000.0,42.16,600,42.11,100,42.1,200,42.09,400,42.08,500,42.17,100,42.18,200,42.2,2700,42.23,4800,42.24,1500,HOLD
1781659926165,09:32:03,42.16,41.5,42.2,41.0,42.24,531900.0,22160000.0,42.1,100,42.07,400,42.04,800,42.02,200,42.01,1500,42.19,800,42.2,1200,42.23,4800,42.24,1500,42.25,800,HOLD
1781659929162,09:32:06,42.14,41.5,42.2,41.0,42.24,533000.0,22210000.0,42.1,500,42.09,100,42.08,400,42.07,700,42.06,1000,42.15,1100,42.16,8700,42.17,100,42.18,300,42.19,1300,HOLD
1781659932163,09:32:09,42.33,41.5,42.33,41.0,42.24,585700.0,24440000.0,42.3,3200,42.24,7400,42.23,15400,42.2,700,42.18,300,42.33,7200,42.36,700,42.4,1200,42.48,200,42.5,12900,HOLD
1781659935164,09:32:12,42.19,41.5,42.36,41.0,42.24,610700.0,25490000.0,42.18,300,42.17,200,42.15,100,42.1,1500,42.08,1100,42.21,200,42.22,1000,42.23,600,42.25,1700,42.27,1100,HOLD
1781659938163,09:32:15,42.18,41.5,42.36,41.0,42.24,616700.0,25750000.0,42.21,300,42.18,400,42.17,100,42.16,1700,42.1,3000,42.23,200,42.25,1500,42.36,1300,42.4,1200,42.48,200,HOLD
1781659941165,09:32:18,42.2,41.5,42.36,41.0,42.24,618000.0,25800000.0,42.13,200,42.12,100,42.11,800,42.1,1700,42.08,400,42.2,400,42.21,200,42.22,600,42.23,200,42.25,1500,HOLD
1781659944553,09:32:21,42.25,41.5,42.36,41.0,42.24,623100.0,26020000.0,42.13,100,42.12,100,42.11,800,42.1,400,42.08,400,42.23,100,42.24,1100,42.25,3200,42.32,500,42.33,200,HOLD
1781659947167,09:32:24,42.21,41.5,42.36,41.0,42.24,624300.0,26070000.0,42.21,100,42.2,1000,42.18,400,42.14,200,42.12,700,42.22,300,42.23,500,42.24,1100,42.25,3200,42.3,1000,HOLD
1781659950169,09:32:27,42.22,41.5,42.36,41.0,42.24,628800.0,26260000.0,42.22,400,42.2,200,42.18,400,42.14,200,42.12,100,42.23,200,42.3,1000,42.31,200,42.33,200,42.36,1300,HOLD
1781659953169,09:32:30,42.18,41.5,42.36,41.0,42.24,629700.0,26290000.0,42.18,500,42.14,200,42.12,100,42.11,800,42.1,3300,42.2,100,42.21,600,42.22,500,42.23,200,42.3,1000,HOLD
1781659956171,09:32:33,42.17,41.5,42.36,41.0,42.24,630600.0,26330000.0,42.14,100,42.12,100,42.11,800,42.1,3200,42.06,1000,42.18,900,42.2,100,42.21,600,42.22,300,42.23,200,HOLD
1781659959174,09:32:36,42.18,41.5,42.36,41.0,42.24,631700.0,26380000.0,42.11,700,42.1,3200,42.06,1000,42.04,800,42.02,100,42.17,1000,42.18,2900,42.2,200,42.21,600,42.22,100,HOLD
1781659962176,09:32:39,42.1,41.5,42.36,41.0,42.24,635400.0,26530000.0,42.1,500,42.08,600,42.06,1000,42.04,800,42.02,100,42.11,400,42.13,500,42.15,500,42.17,400,42.18,2900,HOLD
1781659965176,09:32:42,42.08,41.5,42.36,41.0,42.24,640400.0,26740000.0,42.06,900,42.04,800,42.02,100,42.01,1500,42.0,2100,42.14,200,42.17,100,42.18,2900,42.2,200,42.21,600,HOLD
1781659968176,09:32:45,42.11,41.5,42.36,41.0,42.24,642000.0,26810000.0,42.05,100,42.04,800,42.02,100,42.01,1500,42.0,2100,42.08,1000,42.11,100,42.14,200,42.17,100,42.18,3100,HOLD
1781659968605,09:32:48,42.08,41.5,42.36,41.0,42.24,647300.0,27040000.0,42.04,100,42.02,100,42.01,1500,42.0,2600,41.98,500,42.08,400,42.12,100,42.14,100,42.16,100,42.17,100,HOLD
1781659974180,09:32:51,42.04,41.5,42.36,41.0,42.24,650800.0,27180000.0,42.07,100,42.06,100,42.05,600,42.04,600,42.02,100,42.13,800,42.14,500,42.16,100,42.17,200,42.18,7000,HOLD
1781659977181,09:32:54,42.07,41.5,42.36,41.0,42.24,654200.0,27330000.0,42.05,100,42.04,600,42.01,1500,42.0,1200,41.98,500,42.11,600,42.13,200,42.14,500,42.16,100,42.17,200,HOLD
1781659980183,09:32:57,42.05,41.5,42.36,41.0,42.24,661000.0,27610000.0,41.99,200,41.98,500,41.96,100,41.87,700,41.82,200,42.02,400,42.03,200,42.04,1000,42.05,100,42.06,300,HOLD
1781659983184,09:33:00,41.87,41.5,42.36,41.0,42.24,665700.0,27810000.0,41.84,300,41.83,300,41.82,200,41.8,3000,41.76,300,41.99,300,42.03,100,42.04,1000,42.05,400,42.06,100,HOLD
1781659986188,09:33:03,41.9,41.5,42.36,41.0,42.24,668400.0,27920000.0,41.87,1200,41.86,600,41.85,1000,41.84,100,41.8,3000,41.9,300,41.91,200,41.92,200,41.96,10100,41.98,100,HOLD
1781659989187,09:33:06,41.88,41.5,42.36,41.0,42.24,668700.0,27930000.0,41.87,1500,41.86,600,41.85,1000,41.84,100,41.8,3000,41.9,200,41.91,200,41.92,200,41.96,100,41.98,100,HOLD
1781659992189,09:33:09,41.88,41.5,42.36,41.0,42.24,668900.0,27940000.0,41.87,1500,41.86,600,41.85,1000,41.84,100,41.8,3100,41.9,100,41.92,100,41.96,100,41.98,100,41.99,1000,HOLD
1781659995191,09:33:12,41.88,41.5,42.36,41.0,42.24,670800.0,28020000.0,41.88,100,41.87,900,41.86,600,41.85,1000,41.84,100,41.9,100,41.91,200,41.96,100,41.98,100,41.99,900,HOLD
1781659998191,09:33:15,41.9,41.5,42.36,41.0,42.24,672700.0,28100000.0,41.9,100,41.88,100,41.87,700,41.86,600,41.85,1000,41.91,300,41.96,100,41.98,700,41.99,700,42.0,1000,HOLD
1781660001191,09:33:18,41.91,41.5,42.36,41.0,42.24,687200.0,28710000.0,41.84,100,41.83,100,41.8,3300,41.76,300,41.7,3000,41.93,800,41.96,800,41.98,700,41.99,700,42.0,1000,HOLD
1781660004195,09:33:21,41.9,41.5,42.36,41.0,42.24,690000.0,28830000.0,41.9,3500,41.88,400,41.84,200,41.81,100,41.8,3300,41.92,700,41.93,400,41.96,1000,41.98,800,41.99,700,HOLD
1781660007195,09:33:24,41.91,41.5,42.36,41.0,42.24,696000.0,29080000.0,41.81,300,41.8,3000,41.76,300,41.7,3000,41.65,200,41.84,900,41.9,100,41.91,1500,41.92,1300,41.93,400,HOLD
1781660010196,09:33:27,41.84,41.5,42.36,41.0,42.24,700000.0,29250000.0,41.83,100,41.82,500,41.81,700,41.8,600,41.76,500,41.91,1400,41.92,1800,41.93,300,41.96,1000,41.98,800,HOLD
1781660013197,09:33:30,41.81,41.5,42.36,41.0,42.24,702400.0,29350000.0,41.81,200,41.8,5900,41.76,500,41.7,3000,41.65,800,41.89,800,41.9,24800,41.91,800,41.92,1800,41.93,300,HOLD
1781660016202,09:33:33,41.81,41.5,42.36,41.0,42.24,705000.0,29450000.0,41.8,5900,41.76,500,41.7,3300,41.65,800,41.63,6000,41.81,2900,41.82,100,41.83,2300,41.84,300,41.89,700,HOLD
1781660019200,09:33:36,41.97,41.5,42.36,41.0,42.24,739600.0,30910000.0,41.97,600,41.96,5000,41.95,200,41.93,1600,41.92,800,41.98,600,41.99,700,42.0,1500,42.04,100,42.05,1000,HOLD
1781660022200,09:33:39,41.84,41.5,42.36,41.0,42.24,748800.0,31290000.0,41.85,100,41.84,300,41.82,100,41.81,1100,41.8,6200,41.9,100,41.93,100,41.95,4000,41.98,800,41.99,700,HOLD
1781660025202,09:33:42,41.88,41.5,42.36,41.0,42.24,750200.0,31350000.0,41.88,300,41.87,200,41.81,2000,41.8,6200,41.76,500,41.97,1000,41.98,600,41.99,700,42.0,1500,42.04,100,HOLD
1781660028202,09:33:45,41.88,41.5,42.36,41.0,42.24,750800.0,31380000.0,41.9,300,41.89,300,41.88,1600,41.87,200,41.84,100,41.96,100,41.97,1000,41.98,600,41.99,700,42.0,1500,HOLD
1781660031203,09:33:48,41.89,41.5,42.36,41.0,42.24,752200.0,31440000.0,41.89,100,41.88,1200,41.85,1600,41.84,100,41.81,1600,41.93,4000,41.95,800,41.97,1000,41.98,600,41.99,700,HOLD
1781660034206,09:33:51,41.88,41.5,42.36,41.0,42.24,754200.0,31520000.0,41.85,300,41.81,1500,41.8,6000,41.76,500,41.71,300,41.88,700,41.89,1100,41.9,1900,41.93,3700,41.94,300,HOLD
1781660037207,09:33:54,41.88,41.5,42.36,41.0,42.24,754200.0,31520000.0,41.82,200,41.81,1500,41.8,6200,41.76,500,41.71,600,41.85,200,41.87,100,41.88,700,41.89,1200,41.9,1900,HOLD
1781660040208,09:33:57,41.88,41.5,42.36,41.0,42.24,758700.0,31710000.0,41.81,600,41.8,6200,41.76,500,41.71,600,41.7,3300,41.85,2000,41.88,900,41.89,1800,41.9,1900,41.93,3700,HOLD
1781660043209,09:34:00,41.8,41.5,42.36,41.0,42.24,766100.0,32010000.0,41.76,500,41.71,600,41.7,3300,41.65,600,41.63,6000,41.8,100,41.81,200,41.82,200,41.85,2000,41.88,900,HOLD
1781660046213,09:34:03,41.81,41.5,42.36,41.0,42.24,768300.0,32110000.0,41.81,500,41.8,900,41.78,100,41.72,200,41.71,100,41.85,2000,41.88,200,41.89,1800,41.9,1900,41.92,700,HOLD
1781660052213,09:34:06,41.85,41.5,42.36,41.0,42.24,773500.0,32330000.0,41.86,200,41.85,100,41.81,800,41.8,1000,41.78,100,41.88,200,41.89,1100,41.9,1900,41.92,700,41.93,3700,HOLD
1781660052830,09:34:09,41.85,41.5,42.36,41.0,42.24,774600.0,32370000.0,41.86,100,41.85,5000,41.83,100,41.82,100,41.81,500,41.88,100,41.89,300,41.9,2000,41.92,700,41.93,3700,HOLD
1781660055215,09:34:12,41.83,41.5,42.36,41.0,42.24,780500.0,32620000.0,41.81,100,41.8,2400,41.78,100,41.73,4200,41.71,100,41.82,100,41.83,2200,41.86,1500,41.88,100,41.89,200,HOLD
1781660058215,09:34:15,41.81,41.5,42.36,41.0,42.24,784500.0,32790000.0,41.8,1500,41.78,100,41.73,4200,41.71,100,41.7,4300,41.82,900,41.83,2100,41.86,1000,41.88,100,41.89,200,HOLD
1781660061216,09:34:18,41.78,41.5,42.36,41.0,42.24,787000.0,32890000.0,41.75,400,41.74,100,41.73,4200,41.71,100,41.7,3300,41.78,600,41.81,1000,41.82,900,41.83,2100,41.86,1000,HOLD
1781660064205,09:34:21,41.8,41.5,42.36,41.0,42.24,788500.0,32950000.0,41.75,100,41.73,4200,41.71,100,41.7,3300,41.65,500,41.78,400,41.8,100,41.81,1000,41.82,900,41.83,6100,HOLD
1781660067205,09:34:24,41.78,41.5,42.36,41.0,42.24,793600.0,33170000.0,41.73,1000,41.71,100,41.7,3300,41.65,500,41.63,6000,41.75,500,41.79,500,41.8,100,41.81,1400,41.82,900,HOLD
1781660070207,09:34:27,41.73,41.5,42.36,41.0,42.24,797200.0,33320000.0,41.71,100,41.7,3300,41.65,500,41.63,6000,41.6,2200,41.73,10700,41.75,200,41.8,100,41.81,2900,41.82,400,HOLD
1781660073206,09:34:30,41.73,41.5,42.36,41.0,42.24,814100.0,34020000.0,41.73,200,41.71,1000,41.65,500,41.63,6000,41.6,2200,41.8,400,41.81,1900,41.82,400,41.83,4000,41.86,500,HOLD
1781660076206,09:34:33,41.65,41.5,42.36,41.0,42.24,817400.0,34160000.0,41.68,100,41.67,300,41.65,3400,41.64,3500,41.63,6000,41.71,100,41.73,700,41.79,800,41.8,1300,41.81,1900,HOLD
1781660079209,09:34:36,41.68,41.5,42.36,41.0,42.24,818700.0,34210000.0,41.68,100,41.66,200,41.65,1300,41.63,6000,41.6,2200,41.73,1700,41.8,1300,41.81,1900,41.83,4000,41.86,500,HOLD
1781660082210,09:34:39,41.74,41.5,42.36,41.0,42.24,822500.0,34370000.0,41.74,100,41.69,2100,41.68,200,41.65,1700,41.63,6000,41.8,100,41.81,1900,41.83,4000,41.88,100,41.89,200,HOLD
1781660085210,09:34:42,41.74,41.5,42.36,41.0,42.24,825300.0,34490000.0,41.75,100,41.74,500,41.71,100,41.68,100,41.65,1700,41.78,400,41.8,600,41.81,1900,41.83,4000,41.88,200,HOLD
1781660088212,09:34:45,41.74,41.5,42.36,41.0,42.24,827000.0,34560000.0,41.65,2700,41.63,6000,41.6,2300,41.55,300,41.53,800,41.73,100,41.74,600,41.75,300,41.78,300,41.8,600,HOLD
1781660091214,09:34:48,41.73,41.5,42.36,41.0,42.24,827500.0,34580000.0,41.68,600,41.67,100,41.65,3000,41.63,6000,41.6,2300,41.73,2200,41.74,600,41.75,300,41.78,300,41.8,600,HOLD
1781660094215,09:34:51,41.67,41.5,42.36,41.0,42.24,832600.0,34790000.0,41.65,3300,41.63,6000,41.6,2400,41.55,300,41.53,800,41.72,100,41.75,300,41.78,300,41.8,600,41.81,1900,HOLD
1781660097217,09:34:54,41.74,41.5,42.36,41.0,42.24,840800.0,35140000.0,41.7,200,41.65,1800,41.63,5800,41.6,2600,41.55,300,41.72,1000,41.75,300,41.78,300,41.8,600,41.81,2400,HOLD
1781660100217,09:34:57,41.65,41.5,42.36,41.0,42.24,844000.0,35270000.0,41.63,5800,41.6,2600,41.59,300,41.55,300,41.53,800,41.65,2200,41.72,300,41.75,300,41.78,300,41.8,700,HOLD
1781660103218,09:35:00,41.68,41.5,42.36,41.0,42.24,847600.0,35420000.0,41.65,1900,41.63,5800,41.6,2900,41.59,300,41.55,300,41.68,100,41.74,2000,41.75,300,41.78,300,41.79,100,HOLD
1781660106223,09:35:03,41.66,41.5,42.36,41.0,42.24,862000.0,36020000.0,41.65,500,41.63,300,41.62,200,41.61,1200,41.6,6900,41.68,200,41.74,1300,41.75,100,41.78,300,41.79,100,HOLD
1781660109220,09:35:06,41.74,41.5,42.36,41.0,42.24,864100.0,36110000.0,41.71,700,41.7,500,41.69,600,41.68,400,41.66,200,41.75,100,41.78,300,41.8,600,41.81,2000,41.83,4000,HOLD
1781660112221,09:35:09,41.76,41.5,42.36,41.0,42.24,868000.0,36270000.0,41.76,300,41.75,300,41.73,400,41.72,800,41.71,200,41.78,100,41.8,700,41.81,1500,41.83,4000,41.88,100,HOLD
1781660115224,09:35:12,41.76,41.5,42.36,41.0,42.24,868500.0,36290000.0,41.79,1100,41.78,800,41.76,100,41.75,300,41.73,100,41.8,200,41.81,1500,41.83,4000,41.88,100,41.89,200,HOLD
1781660118225,09:35:15,41.78,41.5,42.36,41.0,42.24,874600.0,36540000.0,41.78,3900,41.75,400,41.71,500,41.68,10200,41.66,800,41.79,900,41.8,200,41.81,1500,41.83,4000,41.88,100,HOLD
1781660121225,09:35:18,41.8,41.5,42.36,41.0,42.24,876000.0,36600000.0,41.79,100,41.78,3900,41.75,400,41.71,500,41.68,10000,41.8,800,41.81,1600,41.83,4000,41.88,100,41.89,200,HOLD
1781660124226,09:35:21,41.79,41.5,42.36,41.0,42.24,881400.0,36830000.0,41.75,400,41.71,500,41.68,10000,41.66,1300,41.65,5200,41.79,300,41.81,1600,41.83,4000,41.88,100,41.89,200,HOLD
1781660125038,09:35:24,41.78,41.5,42.36,41.0,42.24,882200.0,36860000.0,41.71,500,41.7,200,41.68,10000,41.66,1300,41.65,5200,41.78,2800,41.8,500,41.81,1500,41.83,4000,41.88,100,HOLD
1781660130229,09:35:27,41.78,41.5,42.36,41.0,42.24,886700.0,37050000.0,41.78,500,41.76,100,41.74,1500,41.72,100,41.71,500,41.8,500,41.81,1500,41.83,4000,41.88,100,41.89,200,HOLD
1781660133244,09:35:30,41.8,41.5,42.36,41.0,42.24,888400.0,37120000.0,41.77,900,41.76,500,41.75,700,41.74,1100,41.72,100,41.8,3100,41.81,1500,41.83,4000,41.88,100,41.89,200,HOLD
1781660139234,09:35:33,41.79,41.5,42.36,41.0,42.24,895000.0,37400000.0,41.79,1100,41.75,3300,41.74,1100,41.72,800,41.71,300,41.81,1500,41.83,4000,41.88,100,41.89,200,41.9,1900,HOLD
1781660140084,09:35:36,41.79,41.5,42.36,41.0,42.24,909400.0,38000000.0,41.77,1200,41.76,800,41.75,2900,41.74,1100,41.72,800,41.83,3500,41.88,100,41.89,200,41.9,1900,41.95,2800,HOLD
1781660142235,09:35:39,41.79,41.5,42.36,41.0,42.24,911800.0,38100000.0,41.78,1100,41.77,600,41.76,500,41.75,2900,41.74,1100,41.79,400,41.83,4200,41.88,1000,41.89,200,41.9,2000,HOLD
1781660145235,09:35:42,41.78,41.5,42.36,41.0,42.24,915100.0,38240000.0,41.81,100,41.8,800,41.79,1300,41.78,100,41.77,600,41.83,3300,41.88,1000,41.89,200,41.9,2000,41.95,2800,HOLD
1781660148237,09:35:45,41.83,41.5,42.36,41.0,42.24,919200.0,38410000.0,41.8,600,41.79,4500,41.78,700,41.77,600,41.76,500,41.83,3100,41.88,1000,41.89,200,41.9,2000,41.95,2800,HOLD
1781660151237,09:35:48,41.78,41.5,42.36,41.0,42.24,927200.0,38740000.0,41.77,600,41.76,700,41.75,2900,41.74,1100,41.73,100,41.79,1600,41.8,7600,41.81,500,41.83,3100,41.86,200,HOLD
1781660154240,09:35:51,41.78,41.5,42.36,41.0,42.24,931500.0,38920000.0,41.76,100,41.75,2200,41.74,1100,41.73,100,41.72,100,41.78,500,41.79,3200,41.8,7600,41.81,500,41.83,3100,HOLD
1781660157242,09:35:54,41.78,41.5,42.36,41.0,42.24,945800.0,39520000.0,41.76,100,41.75,900,41.74,1100,41.73,100,41.72,100,41.78,6400,41.82,1900,41.83,1800,41.86,200,41.88,1000,HOLD
1781660161147,09:35:57,41.78,41.5,42.36,41.0,42.24,946600.0,39550000.0,41.77,500,41.76,300,41.75,900,41.74,1100,41.73,100,41.78,5800,41.79,100,41.82,1900,41.83,700,41.86,200,HOLD
1781660163244,09:36:00,41.78,41.5,42.36,41.0,42.24,949300.0,39670000.0,41.77,300,41.76,300,41.75,900,41.74,1100,41.73,100,41.78,4000,41.79,5100,41.82,1900,41.83,700,41.86,200,HOLD
1781660166248,09:36:03,41.77,41.5,42.36,41.0,42.24,951200.0,39750000.0,41.76,100,41.75,900,41.74,1100,41.73,100,41.72,100,41.77,200,41.78,5300,41.79,5100,41.82,1900,41.83,700,HOLD
1781660169262,09:36:06,41.77,41.5,42.36,41.0,42.24,954600.0,39890000.0,41.76,200,41.75,200,41.74,1100,41.73,100,41.72,100,41.77,300,41.78,5900,41.79,5100,41.82,1900,41.83,700,HOLD
1781660175248,09:36:12,41.76,41.5,42.36,41.0,42.24,955800.0,39940000.0,41.75,400,41.74,1100,41.73,100,41.72,100,41.71,1200,41.76,300,41.77,7800,41.78,6400,41.79,5100,41.82,1900,HOLD
1781660181250,09:36:15,41.75,41.5,42.36,41.0,42.24,958500.0,40050000.0,41.74,100,41.73,100,41.72,100,41.71,1200,41.7,8100,41.75,100,41.76,400,41.77,1900,41.78,2600,41.79,5100,HOLD
1781660182211,09:36:18,41.82,41.5,42.36,41.0,42.24,978100.0,40870000.0,41.82,300,41.81,900,41.8,2600,41.79,3000,41.78,500,41.86,200,41.88,1200,41.89,200,41.9,2000,41.95,2000,HOLD
1781660184252,09:36:21,41.82,41.5,42.36,41.0,42.24,981800.0,41020000.0,41.82,3200,41.81,900,41.8,2600,41.79,2900,41.78,500,41.86,1400,41.88,1000,41.89,200,41.9,2000,41.95,2000,HOLD
1781660187252,09:36:24,41.9,41.5,42.36,41.0,42.24,997200.0,41670000.0,41.9,1200,41.86,200,41.82,3400,41.81,300,41.79,2900,41.95,2000,41.99,700,42.0,2000,42.04,100,42.05,1000,HOLD
1781660191236,09:36:27,41.95,41.5,42.36,41.0,42.24,998600.0,41730000.0,41.91,100,41.9,100,41.88,700,41.86,200,41.83,1000,41.94,300,41.95,1800,41.99,700,42.0,2000,42.04,100,HOLD
1781660193254,09:36:30,41.94,41.5,42.36,41.0,42.24,999100.0,41750000.0,41.86,500,41.83,1000,41.82,2000,41.79,2900,41.78,1100,41.93,500,41.94,2300,41.95,1800,41.99,700,42.0,2000,HOLD
1781660196255,09:36:33,41.83,41.5,42.36,41.0,42.24,1001100.0,41830000.0,41.82,1300,41.79,2900,41.78,1100,41.76,3700,41.75,2600,41.86,600,41.87,1000,41.92,4800,41.93,500,41.94,2300,HOLD
1781660199257,09:36:36,41.79,41.5,42.36,41.0,42.24,1007600.0,42100000.0,41.78,1100,41.76,2800,41.75,2800,41.74,900,41.71,1800,41.8,100,41.81,300,41.82,1000,41.85,3000,41.86,2400,HOLD
1781660205259,09:36:42,41.79,41.5,42.36,41.0,42.24,1015200.0,42420000.0,41.8,100,41.79,100,41.78,100,41.77,3700,41.76,1700,41.85,4700,41.86,800,41.87,400,41.92,3500,41.94,200,HOLD
1781660208260,09:36:45,41.85,41.5,42.36,41.0,42.24,1015800.0,42450000.0,41.82,100,41.81,1100,41.8,5000,41.79,26400,41.78,100,41.85,4200,41.86,800,41.87,400,41.94,200,41.95,1800,HOLD
1781660211260,09:36:48,41.85,41.5,42.36,41.0,42.24,1020400.0,42640000.0,41.81,200,41.8,5700,41.79,26500,41.78,100,41.77,3700,41.85,2900,41.86,800,41.87,400,41.94,200,41.95,1800,HOLD
1781660214263,09:36:51,41.82,41.5,42.36,41.0,42.24,1023900.0,42790000.0,41.82,300,41.81,300,41.8,3300,41.79,26500,41.78,2300,41.85,3100,41.86,800,41.87,400,41.94,200,41.95,1800,HOLD
1781660220264,09:36:57,41.85,41.5,42.36,41.0,42.24,1036100.0,43300000.0,41.84,600,41.82,200,41.81,1000,41.8,1500,41.79,27300,41.85,100,41.86,800,41.87,400,41.94,200,41.95,1800,HOLD
1781660226270,09:37:00,41.86,41.5,42.36,41.0,42.24,1046500.0,43730000.0,41.82,200,41.81,1000,41.8,1500,41.79,27300,41.78,2200,41.85,400,41.86,300,41.87,400,41.94,200,41.95,1800,HOLD
1781660224294,09:37:03,41.85,41.5,42.36,41.0,42.24,1047500.0,43770000.0,41.85,1900,41.83,700,41.81,600,41.8,300,41.79,27300,41.87,300,41.94,200,41.95,1800,41.99,700,42.0,5500,HOLD
1781660229267,09:37:06,41.87,41.5,42.36,41.0,42.24,1052600.0,43990000.0,41.89,200,41.87,100,41.86,500,41.85,4300,41.83,1300,41.94,200,41.95,1800,41.99,700,42.0,4900,42.04,100,HOLD
1781660232269,09:37:09,41.94,41.5,42.36,41.0,42.24,1053600.0,44030000.0,41.94,200,41.9,100,41.89,200,41.87,100,41.86,500,41.95,1800,41.99,700,42.0,4900,42.04,100,42.05,1000,HOLD
1781660235270,09:37:12,41.95,41.5,42.36,41.0,42.24,1054900.0,44080000.0,41.94,500,41.9,100,41.89,200,41.87,800,41.86,500,41.95,700,41.99,700,42.0,4900,42.04,100,42.05,1000,HOLD
1781660238271,09:37:15,41.96,41.5,42.36,41.0,42.24,1055800.0,44120000.0,41.95,1200,41.94,700,41.9,100,41.88,700,41.87,800,41.99,700,42.0,4900,42.04,100,42.05,1000,42.07,700,HOLD
1781660241274,09:37:18,41.93,41.5,42.36,41.0,42.24,1061500.0,44360000.0,41.87,800,41.86,500,41.85,6300,41.83,600,41.82,300,41.93,200,41.94,1400,41.95,5000,41.99,3300,42.0,4900,HOLD
1781660244277,09:37:21,41.93,41.5,42.36,41.0,42.24,1062500.0,44400000.0,41.89,100,41.88,700,41.87,800,41.86,500,41.85,6300,41.94,1400,41.95,5000,41.99,1500,42.0,4900,42.04,100,HOLD
1781660247277,09:37:24,41.88,41.5,42.36,41.0,42.24,1064200.0,44470000.0,41.88,300,41.87,600,41.86,500,41.85,6300,41.83,600,41.89,100,41.94,3000,41.95,5000,41.99,1300,42.0,4900,HOLD
1781660250278,09:37:27,41.94,41.5,42.36,41.0,42.24,1066400.0,44560000.0,41.89,800,41.88,900,41.87,800,41.86,4300,41.85,6300,41.94,1200,41.95,5000,41.99,1300,42.0,5000,42.04,100,HOLD
1781660253279,09:37:30,41.94,41.5,42.36,41.0,42.24,1066900.0,44590000.0,41.9,900,41.89,1000,41.88,900,41.87,800,41.86,4300,41.94,800,41.95,5000,41.99,1300,42.0,5000,42.04,100,HOLD
1781660254380,09:37:33,41.94,41.5,42.36,41.0,42.24,1068300.0,44640000.0,41.89,1000,41.88,900,41.87,800,41.86,4300,41.85,2000,41.94,400,41.95,5000,41.99,500,42.0,5000,42.04,100,HOLD
1781660259282,09:37:36,41.93,41.5,42.36,41.0,42.24,1069000.0,44670000.0,41.89,1000,41.88,900,41.87,700,41.86,4300,41.85,2000,41.93,900,41.94,3400,41.95,5000,41.99,500,42.0,5200,HOLD
1781660262283,09:37:39,41.89,41.5,42.36,41.0,42.24,1072000.0,44800000.0,41.86,4300,41.85,2000,41.84,100,41.83,600,41.82,300,41.91,100,41.92,2600,41.93,1300,41.94,2400,41.95,5000,HOLD
1781660265283,09:37:42,41.87,41.5,42.36,41.0,42.24,1074500.0,44900000.0,41.86,4300,41.85,2000,41.84,100,41.83,600,41.82,300,41.87,1100,41.89,1000,41.9,2400,41.91,3100,41.92,2600,HOLD
1781660268284,09:37:45,41.86,41.5,42.36,41.0,42.24,1078900.0,45090000.0,41.86,100,41.85,2000,41.84,100,41.83,600,41.82,300,41.87,4400,41.89,900,41.9,2100,41.91,200,41.92,3300,HOLD
1781660271284,09:37:48,41.85,41.5,42.36,41.0,42.24,1080900.0,45170000.0,41.85,400,41.84,100,41.83,600,41.82,300,41.81,300,41.86,800,41.87,4400,41.89,100,41.9,2100,41.91,200,HOLD
1781660274286,09:37:51,41.86,41.5,42.36,41.0,42.24,1084800.0,45330000.0,41.84,100,41.83,600,41.82,300,41.81,300,41.8,1000,41.86,5300,41.87,100,41.89,100,41.9,2100,41.91,200,HOLD
1781660277286,09:37:54,41.86,41.5,42.36,41.0,42.24,1087700.0,45460000.0,41.84,600,41.83,600,41.82,300,41.81,300,41.8,1500,41.86,2700,41.87,100,41.89,100,41.9,1200,41.91,200,HOLD
1781660280286,09:37:57,41.86,41.5,42.36,41.0,42.24,1089400.0,45530000.0,41.85,1500,41.84,600,41.83,600,41.82,300,41.81,300,41.86,3100,41.87,100,41.89,100,41.9,1200,41.91,100,HOLD
1781660286295,09:38:03,41.89,41.5,42.36,41.0,42.24,1095000.0,45760000.0,41.87,1700,41.86,10500,41.85,1500,41.84,1300,41.83,200,41.89,400,41.94,100,41.95,5000,41.96,700,41.98,100,HOLD
1781660287457,09:38:06,41.9,41.5,42.36,41.0,42.24,1095500.0,45780000.0,41.92,100,41.91,200,41.9,800,41.89,900,41.88,2200,41.94,100,41.95,5000,41.98,100,41.99,300,42.0,5200,HOLD
1781660292292,09:38:09,41.94,41.5,42.36,41.0,42.24,1096600.0,45830000.0,41.9,100,41.89,900,41.88,2200,41.87,600,41.86,13100,41.95,5200,41.98,100,41.99,300,42.0,5200,42.04,100,HOLD
1781660295294,09:38:12,41.91,41.5,42.36,41.0,42.24,1098000.0,45890000.0,41.9,100,41.89,1400,41.88,2200,41.87,600,41.86,14000,41.95,5900,41.98,100,41.99,300,42.0,5200,42.04,100,HOLD
1781660298295,09:38:15,41.92,41.5,42.36,41.0,42.24,1100000.0,45970000.0,41.89,1900,41.88,1500,41.87,600,41.86,14000,41.85,2300,41.92,2400,41.93,300,41.94,2900,41.95,6400,41.98,100,HOLD
1781660304301,09:38:18,41.91,41.5,42.36,41.0,42.24,1101500.0,46030000.0,41.89,1900,41.88,500,41.87,600,41.86,14000,41.85,2300,41.9,100,41.91,1000,41.92,4200,41.93,300,41.94,2900,HOLD
1781660302504,09:38:21,41.9,41.5,42.36,41.0,42.24,1105200.0,46190000.0,41.89,400,41.87,600,41.86,14000,41.85,1300,41.84,200,41.9,2200,41.91,1000,41.92,2200,41.93,300,41.94,2900,HOLD
1781660307301,09:38:24,41.9,41.5,42.36,41.0,42.24,1106400.0,46240000.0,41.86,14000,41.85,1300,41.84,200,41.83,200,41.82,300,41.87,800,41.9,2100,41.91,1000,41.92,2200,41.93,300,HOLD
1781660310302,09:38:27,41.87,41.5,42.36,41.0,42.24,1108200.0,46310000.0,41.86,14000,41.85,1300,41.84,200,41.83,200,41.82,300,41.87,1800,41.89,1400,41.9,800,41.91,1000,41.92,2200,HOLD
1781660313303,09:38:30,41.86,41.5,42.36,41.0,42.24,1109400.0,46370000.0,41.86,13000,41.85,1300,41.84,700,41.83,200,41.82,300,41.87,1600,41.89,1400,41.9,1000,41.91,100,41.92,2200,HOLD
1781660314552,09:38:33,41.87,41.5,42.36,41.0,42.24,1112100.0,46480000.0,41.86,11900,41.85,1300,41.84,700,41.83,200,41.82,300,41.87,900,41.89,1300,41.9,1000,41.91,100,41.92,2200,HOLD
1781660319307,09:38:36,41.88,41.5,42.36,41.0,42.24,1113400.0,46530000.0,41.88,1100,41.87,5700,41.86,12000,41.85,1300,41.84,700,41.89,1300,41.9,900,41.92,1700,41.93,300,41.95,5100,HOLD
1781660322308,09:38:39,41.89,41.5,42.36,41.0,42.24,1116400.0,46660000.0,41.9,500,41.89,500,41.88,1100,41.87,5500,41.86,13000,41.92,1700,41.93,300,41.95,5100,41.98,100,41.99,300,HOLD
1781660325308,09:38:42,41.92,41.5,42.36,41.0,42.24,1117700.0,46710000.0,41.91,200,41.9,500,41.89,500,41.88,1100,41.87,3600,41.92,500,41.93,300,41.95,5100,41.98,100,41.99,300,HOLD
1781660328310,09:38:45,41.92,41.5,42.36,41.0,42.24,1120100.0,46810000.0,41.92,3200,41.89,600,41.88,1100,41.87,3600,41.86,13100,41.93,300,41.95,5100,41.98,100,41.99,300,42.0,5200,HOLD
1781660329590,09:38:48,41.94,41.5,42.36,41.0,42.24,1131700.0,47300000.0,41.9,700,41.87,800,41.86,13100,41.85,1300,41.84,700,41.94,600,41.95,5100,41.98,100,41.99,300,42.0,5100,HOLD
1781660334312,09:38:51,41.94,41.5,42.36,41.0,42.24,1132500.0,47330000.0,41.91,600,41.9,700,41.87,300,41.86,13100,41.85,1300,41.95,5100,41.97,100,41.98,100,41.99,300,42.0,5100,HOLD
1781660337314,09:38:54,41.94,41.5,42.36,41.0,42.24,1135500.0,47460000.0,41.91,100,41.9,700,41.89,100,41.87,800,41.86,13100,41.95,7600,41.97,100,41.98,100,41.99,300,42.0,5100,HOLD
1781660340314,09:38:57,41.95,41.5,42.36,41.0,42.24,1135800.0,47470000.0,41.94,300,41.92,500,41.91,300,41.9,800,41.89,100,41.95,7300,41.97,100,41.98,100,41.99,300,42.0,5100,HOLD
1781660343317,09:39:00,41.95,41.5,42.36,41.0,42.24,1138200.0,47570000.0,41.94,100,41.93,2400,41.92,700,41.91,300,41.9,1100,41.95,5800,41.98,100,41.99,300,42.0,5100,42.02,200,HOLD
1781660346321,09:39:03,41.95,41.5,42.36,41.0,42.24,1144000.0,47820000.0,41.95,1700,41.94,1500,41.93,2400,41.92,700,41.91,300,41.98,100,41.99,300,42.0,5100,42.02,200,42.04,100,HOLD
1781660349320,09:39:06,41.98,41.5,42.36,41.0,42.24,1148200.0,47990000.0,41.96,400,41.95,3400,41.94,800,41.93,2400,41.92,1400,41.98,1200,42.0,4900,42.02,200,42.04,100,42.05,11300,HOLD
1781660350667,09:39:09,41.98,41.5,42.36,41.0,42.24,1148700.0,48010000.0,41.97,400,41.96,1300,41.95,3600,41.94,800,41.93,2400,41.98,700,42.0,4900,42.02,200,42.04,100,42.05,11300,HOLD
1781660355320,09:39:12,41.93,41.5,42.36,41.0,42.24,1158200.0,48410000.0,41.92,200,41.91,800,41.9,900,41.89,300,41.87,1100,41.95,2300,41.96,200,41.97,2500,41.98,1400,42.0,5600,HOLD
1781660358322,09:39:15,41.95,41.5,42.36,41.0,42.24,1163500.0,48630000.0,41.91,700,41.9,1000,41.89,300,41.87,800,41.86,11200,41.95,4100,41.96,800,41.97,2400,41.98,100,42.0,5600,HOLD
1781660361323,09:39:18,41.95,41.5,42.36,41.0,42.24,1163500.0,48630000.0,41.91,700,41.9,1000,41.89,300,41.87,800,41.86,11200,41.95,6100,41.96,700,41.97,2400,41.98,100,41.99,2100,HOLD
1781660364310,09:39:21,41.95,41.5,42.36,41.0,42.24,1163600.0,48640000.0,41.93,100,41.91,800,41.9,4200,41.89,300,41.87,800,41.95,6000,41.97,2400,41.98,100,41.99,2100,42.0,5900,HOLD
1781660367312,09:39:24,41.97,41.5,42.36,41.0,42.24,1169900.0,48900000.0,41.96,100,41.95,600,41.93,300,41.92,100,41.91,800,41.97,2100,41.98,100,41.99,2100,42.0,5200,42.04,100,HOLD
1781660370314,09:39:27,41.97,41.5,42.36,41.0,42.24,1171200.0,48960000.0,41.96,200,41.95,400,41.93,300,41.92,100,41.91,800,41.97,1500,41.98,100,41.99,2100,42.0,5200,42.04,100,HOLD
1781660373314,09:39:30,41.97,41.5,42.36,41.0,42.24,1172700.0,49020000.0,41.97,300,41.96,800,41.95,400,41.93,800,41.92,100,41.98,100,41.99,2100,42.0,5200,42.04,100,42.05,11000,HOLD
1781660376316,09:39:33,41.97,41.5,42.36,41.0,42.24,1173600.0,49060000.0,41.98,400,41.97,200,41.96,800,41.95,500,41.93,800,41.99,2100,42.0,5200,42.04,100,42.05,11000,42.1,600,HOLD
1781660379318,09:39:36,41.97,41.5,42.36,41.0,42.24,1174900.0,49110000.0,41.96,300,41.95,500,41.93,800,41.92,100,41.91,200,41.97,800,41.99,2800,42.0,5200,42.04,100,42.05,11000,HOLD
1781660380749,09:39:39,41.99,41.5,42.36,41.0,42.24,1176500.0,49180000.0,41.96,400,41.95,500,41.93,600,41.92,100,41.91,200,41.99,2600,42.0,5200,42.04,100,42.05,11000,42.1,600,HOLD
1781660385321,09:39:42,41.96,41.5,42.36,41.0,42.24,1177200.0,49210000.0,41.95,500,41.93,600,41.92,100,41.91,200,41.9,4700,41.99,2900,42.0,5200,42.04,100,42.05,11000,42.1,600,HOLD
1781660388323,09:39:45,41.95,41.5,42.36,41.0,42.24,1177400.0,49220000.0,41.95,300,41.93,600,41.92,100,41.91,200,41.9,4700,41.99,2900,42.0,5200,42.04,100,42.05,11000,42.1,600,HOLD
1781660391324,09:39:48,41.99,41.5,42.36,41.0,42.24,1178000.0,49240000.0,41.97,300,41.95,300,41.93,800,41.92,100,41.91,200,41.99,2300,42.0,4900,42.04,100,42.05,11000,42.1,600,HOLD
1781660394326,09:39:51,41.95,41.5,42.36,41.0,42.24,1178400.0,49260000.0,41.96,100,41.95,700,41.93,800,41.92,100,41.91,200,41.97,100,41.99,1400,42.0,4900,42.04,100,42.05,11000,HOLD
1781660397328,09:39:54,41.99,41.5,42.36,41.0,42.24,1178700.0,49270000.0,41.96,1500,41.95,2100,41.93,800,41.92,100,41.91,200,41.97,1300,41.99,800,42.0,4900,42.04,100,42.05,11000,HOLD
1781660400330,09:39:57,41.99,41.5,42.36,41.0,42.24,1181900.0,49410000.0,41.99,2000,41.97,600,41.96,1500,41.95,2000,41.93,800,42.0,4900,42.04,100,42.05,11000,42.1,600,42.14,100,HOLD
1781660401810,09:40:00,42.0,41.5,42.36,41.0,42.24,1188100.0,49670000.0,41.99,4800,41.97,600,41.96,2000,41.95,2100,41.94,100,42.04,100,42.05,11000,42.06,400,42.1,600,42.14,100,HOLD
1781660406335,09:40:03,41.99,41.5,42.36,41.0,42.24,1190600.0,49770000.0,42.02,1200,42.01,1200,42.0,3100,41.99,5800,41.98,300,42.05,10900,42.06,400,42.1,600,42.14,100,42.15,100,HOLD
1781660409334,09:40:06,42.03,41.5,42.36,41.0,42.24,1190800.0,49780000.0,42.03,100,42.02,1200,42.01,1200,42.0,3100,41.99,5800,42.05,10900,42.06,400,42.1,600,42.14,100,42.15,100,HOLD
1781660412337,09:40:09,42.03,41.5,42.36,41.0,42.24,1192800.0,49860000.0,42.01,1200,42.0,3100,41.99,5800,41.98,300,41.96,1400,42.03,1400,42.04,1100,42.05,10900,42.06,400,42.1,600,HOLD
1781660415336,09:40:12,41.98,41.5,42.36,41.0,42.24,1201700.0,50240000.0,41.96,1400,41.95,1000,41.94,100,41.93,300,41.92,100,41.98,200,42.0,800,42.01,1000,42.02,700,42.03,900,HOLD
1781660421339,09:40:15,41.93,41.5,42.36,41.0,42.24,1204300.0,50350000.0,41.92,100,41.91,400,41.9,4900,41.89,300,41.88,1100,41.95,100,41.97,1200,41.98,300,42.0,800,42.01,300,HOLD
1781660419863,09:40:18,41.95,41.5,42.36,41.0,42.24,1205000.0,50380000.0,41.91,100,41.9,4800,41.89,300,41.88,1100,41.87,1100,41.95,2200,41.96,100,41.97,1200,42.0,800,42.01,2300,HOLD
1781660424327,09:40:21,41.9,41.5,42.36,41.0,42.24,1207700.0,50490000.0,41.9,3200,41.89,300,41.88,1100,41.87,1100,41.86,11100,41.93,100,41.94,1200,41.95,1800,41.96,100,41.97,100,HOLD
1781660427327,09:40:24,41.93,41.5,42.36,41.0,42.24,1207800.0,50490000.0,41.91,1200,41.9,3200,41.89,300,41.88,1100,41.87,1100,41.93,1300,41.94,900,41.95,1000,41.96,100,42.0,1000,HOLD
1781660428886,09:40:27,41.91,41.5,42.36,41.0,42.24,1208900.0,50540000.0,41.91,200,41.9,4200,41.89,200,41.88,1100,41.87,1100,41.93,1800,41.94,900,41.95,800,41.96,100,42.0,1000,HOLD
1781660433358,09:40:30,41.91,41.5,42.36,41.0,42.24,1211700.0,50660000.0,41.9,2200,41.89,200,41.88,1100,41.87,1100,41.86,11100,41.91,800,41.93,1800,41.94,900,41.95,800,41.96,100,HOLD
1781660434920,09:40:33,41.9,41.5,42.36,41.0,42.24,1217100.0,50880000.0,41.9,2200,41.89,200,41.88,1100,41.87,1100,41.86,11100,41.93,1200,41.94,900,41.95,800,41.96,100,42.0,1600,HOLD
1781660439331,09:40:36,41.94,41.5,42.36,41.0,42.24,1219900.0,51000000.0,41.94,1700,41.93,2400,41.91,1700,41.9,11100,41.89,200,41.95,400,41.96,100,42.0,1600,42.01,200,42.03,2500,HOLD
1781660442332,09:40:39,42.0,41.5,42.36,41.0,42.24,1222100.0,51090000.0,41.97,200,41.96,200,41.95,300,41.94,3000,41.93,2400,41.99,100,42.0,1600,42.01,200,42.03,2500,42.05,10700,HOLD
1781660445334,09:40:42,41.98,41.5,42.36,41.0,42.24,1223200.0,51140000.0,41.97,100,41.96,100,41.95,300,41.94,3000,41.93,2600,41.99,600,42.0,1800,42.01,200,42.03,2500,42.05,10700,HOLD
1781660448333,09:40:45,41.99,41.5,42.36,41.0,42.24,1224100.0,51180000.0,41.97,100,41.96,100,41.95,300,41.94,3000,41.93,2600,41.99,100,42.0,1800,42.01,200,42.03,2500,42.05,10700,HOLD
1781660449960,09:40:48,41.99,41.5,42.36,41.0,42.24,1224600.0,51200000.0,41.97,100,41.96,100,41.95,1100,41.94,2200,41.93,2600,41.99,300,42.0,1600,42.01,200,42.03,2500,42.05,10700,HOLD
1781660454335,09:40:51,41.97,41.5,42.36,41.0,42.24,1224900.0,51210000.0,41.96,100,41.95,1100,41.94,2200,41.93,2600,41.91,700,41.99,100,42.0,1400,42.01,200,42.03,2500,42.05,10700,HOLD
1781660457339,09:40:54,41.99,41.5,42.36,41.0,42.24,1225200.0,51220000.0,41.99,100,41.96,100,41.95,1100,41.94,2200,41.93,1400,42.0,1500,42.01,200,42.05,10700,42.06,400,42.1,600,HOLD
1781660460339,09:40:57,41.99,41.5,42.36,41.0,42.24,1226400.0,51270000.0,41.99,4800,41.96,100,41.95,1100,41.94,2200,41.93,1900,42.0,1400,42.01,200,42.05,10700,42.06,400,42.1,600,HOLD
1781660463340,09:41:00,42.0,41.5,42.36,41.0,42.24,1227800.0,51330000.0,42.0,900,41.99,4800,41.96,100,41.95,1100,41.94,2200,42.01,200,42.05,10700,42.06,400,42.1,600,42.14,100,HOLD
1781660466345,09:41:03,42.01,41.5,42.36,41.0,42.24,1228500.0,51360000.0,42.0,900,41.99,4800,41.96,100,41.95,1100,41.94,2200,42.01,100,42.05,10700,42.06,400,42.1,600,42.14,100,HOLD
1781660469342,09:41:06,42.11,41.5,42.36,41.0,42.24,1241500.0,51910000.0,42.14,300,42.13,100,42.12,9500,42.11,1100,42.1,100,42.2,2800,42.21,200,42.24,500,42.25,1600,42.26,1600,HOLD
1781660472343,09:41:09,42.14,41.5,42.36,41.0,42.24,1244000.0,52010000.0,42.14,1000,42.13,100,42.11,10500,42.1,4800,42.09,700,42.16,1000,42.2,2800,42.21,200,42.24,500,42.25,1600,HOLD
1781660475343,09:41:12,42.13,41.5,42.36,41.0,42.24,1247900.0,52180000.0,42.11,1100,42.1,4800,42.09,700,42.06,100,42.05,800,42.14,600,42.15,200,42.16,2100,42.2,2800,42.21,200,HOLD
1781660478345,09:41:15,42.1,41.5,42.36,41.0,42.24,1251700.0,52340000.0,42.05,1000,42.04,9400,42.03,5300,42.02,500,42.01,900,42.1,1100,42.11,900,42.14,100,42.15,200,42.2,2800,HOLD
1781660481346,09:41:18,42.1,41.5,42.36,41.0,42.24,1269200.0,53070000.0,42.05,1600,42.02,100,42.01,700,42.0,1600,41.99,4800,42.1,300,42.11,100,42.14,1100,42.15,200,42.2,2800,HOLD
1781660484345,09:41:21,42.09,41.5,42.36,41.0,42.24,1269800.0,53100000.0,42.06,600,42.05,1600,42.02,100,42.01,700,42.0,1600,42.09,300,42.1,500,42.14,1100,42.15,300,42.2,2800,HOLD
1781660490350,09:41:24,42.05,41.5,42.36,41.0,42.24,1273900.0,53270000.0,42.02,100,42.01,700,42.0,1600,41.99,4800,41.96,100,42.05,1800,42.06,1300,42.09,1200,42.1,1200,42.11,200,HOLD
1781660489048,09:41:27,42.04,41.5,42.36,41.0,42.24,1274900.0,53310000.0,42.01,600,42.0,1600,41.99,4800,41.96,100,41.95,1100,42.04,100,42.05,1300,42.06,500,42.09,700,42.1,1200,HOLD
1781660493351,09:41:30,42.0,41.5,42.36,41.0,42.24,1279100.0,53490000.0,42.0,200,41.99,4800,41.96,100,41.95,1100,41.94,2200,42.04,2300,42.05,1200,42.08,700,42.09,1100,42.1,1200,HOLD
1781660496353,09:41:33,42.04,41.5,42.36,41.0,42.24,1279700.0,53520000.0,42.01,100,42.0,9500,41.99,4800,41.96,100,41.95,1100,42.02,100,42.04,2900,42.05,1200,42.08,700,42.09,1100,HOLD
1781660499352,09:41:36,42.0,41.5,42.36,41.0,42.24,1290500.0,53970000.0,41.99,4400,41.96,100,41.95,1100,41.94,500,41.93,600,42.0,1000,42.01,1100,42.02,1200,42.04,1200,42.05,1200,HOLD
1781660502354,09:41:39,42.0,41.5,42.36,41.0,42.24,1295600.0,54180000.0,41.96,100,41.95,1100,41.94,500,41.93,600,41.91,200,41.99,800,42.0,2000,42.04,1200,42.05,1200,42.08,700,HOLD
1781660505355,09:41:42,41.93,41.5,42.36,41.0,42.24,1298800.0,54320000.0,41.91,200,41.9,4700,41.89,100,41.88,1100,41.87,800,41.93,100,41.96,400,41.99,1000,42.04,1000,42.05,1200,HOLD
1781660508355,09:41:45,41.93,41.5,42.36,41.0,42.24,1300000.0,54370000.0,41.91,300,41.9,4700,41.89,100,41.88,1100,41.87,800,41.93,200,41.99,1000,42.04,1000,42.05,1200,42.08,700,HOLD
1781660511356,09:41:48,41.93,41.5,42.36,41.0,42.24,1300200.0,54380000.0,41.91,600,41.9,4700,41.89,100,41.88,1100,41.87,800,41.93,100,41.99,1000,42.04,1000,42.05,1200,42.08,700,HOLD
1781660514358,09:41:51,41.9,41.5,42.36,41.0,42.24,1305900.0,54610000.0,41.9,100,41.88,1100,41.87,800,41.86,10900,41.85,300,41.97,1500,41.98,1900,41.99,1700,42.0,700,42.04,1000,HOLD
1781660516133,09:41:54,41.89,41.5,42.36,41.0,42.24,1308800.0,54740000.0,41.87,800,41.86,10900,41.85,900,41.84,700,41.83,3700,41.9,1100,41.91,500,41.92,300,41.93,700,41.96,2000,HOLD
1781660520360,09:41:57,41.9,41.5,42.36,41.0,42.24,1310300.0,54800000.0,41.88,100,41.86,10700,41.85,900,41.84,700,41.83,3700,41.9,700,41.91,500,41.92,200,41.93,700,41.96,2000,HOLD
1781660526365,09:42:03,41.91,41.5,42.36,41.0,42.24,1320100.0,55210000.0,41.91,3700,41.9,2700,41.89,8900,41.88,100,41.86,10700,41.95,100,41.96,1600,41.97,200,42.0,1700,42.04,1000,HOLD
1781660529362,09:42:06,41.91,41.5,42.36,41.0,42.24,1326700.0,55490000.0,41.9,2700,41.89,8900,41.88,100,41.86,10700,41.85,900,41.91,3000,41.95,1200,41.96,1600,41.97,200,42.0,1700,HOLD
1781660532364,09:42:09,41.91,41.5,42.36,41.0,42.24,1327700.0,55530000.0,41.9,2700,41.89,8900,41.88,100,41.86,10700,41.85,900,41.91,2100,41.95,1200,41.96,800,41.97,200,42.0,1700,HOLD
1781660535365,09:42:12,41.87,41.5,42.36,41.0,42.24,1344300.0,56220000.0,41.86,6100,41.85,900,41.84,700,41.83,3500,41.82,1400,41.88,900,41.9,300,41.91,6400,41.92,700,41.95,2600,HOLD
1781660538367,09:42:15,41.85,41.5,42.36,41.0,42.24,1351200.0,56510000.0,41.84,700,41.83,3500,41.82,1400,41.81,200,41.8,4200,41.87,900,41.88,900,41.9,1500,41.91,4900,41.92,700,HOLD
1781660541368,09:42:18,41.83,41.5,42.36,41.0,42.24,1353600.0,56610000.0,41.83,1900,41.82,1400,41.81,200,41.8,3800,41.79,600,41.86,600,41.87,2400,41.88,900,41.9,1600,41.91,4900,HOLD
1781660543196,09:42:21,41.83,41.5,42.36,41.0,42.24,1354900.0,56670000.0,41.83,1800,41.82,1400,41.81,200,41.8,3800,41.79,600,41.86,600,41.87,2400,41.88,800,41.9,1600,41.91,4900,HOLD
1781660547357,09:42:24,41.86,41.5,42.36,41.0,42.24,1357000.0,56760000.0,41.84,1200,41.83,1000,41.82,400,41.81,200,41.8,3800,41.86,1300,41.87,1000,41.88,800,41.9,1600,41.91,4900,HOLD
1781660549212,09:42:27,41.8,41.5,42.36,41.0,42.24,1372600.0,57410000.0,41.81,700,41.8,13100,41.79,1300,41.76,1700,41.75,800,41.83,4500,41.87,100,41.88,100,41.9,1500,41.91,4900,HOLD
1781660553360,09:42:30,41.83,41.5,42.36,41.0,42.24,1374000.0,57470000.0,41.82,600,41.81,1900,41.8,15400,41.79,1300,41.76,1700,41.83,3100,41.84,400,41.87,100,41.88,100,41.9,1500,HOLD
1781660556361,09:42:33,41.81,41.5,42.36,41.0,42.24,1376600.0,57570000.0,41.8,2700,41.79,1300,41.76,1700,41.75,800,41.74,500,41.81,200,41.82,2300,41.83,4000,41.84,400,41.87,100,HOLD
1781660559362,09:42:36,41.81,41.5,42.36,41.0,42.24,1376900.0,57590000.0,41.8,3000,41.79,1700,41.76,1700,41.75,800,41.74,500,41.82,100,41.83,4000,41.84,400,41.87,100,41.88,5000,HOLD
1781660565365,09:42:42,41.8,41.5,42.36,41.0,42.24,1383400.0,57860000.0,41.78,400,41.77,300,41.76,1700,41.75,800,41.74,500,41.8,2300,41.82,1700,41.83,3200,41.84,400,41.87,100,HOLD
1781660568367,09:42:45,41.78,41.5,42.36,41.0,42.24,1384600.0,57910000.0,41.77,500,41.76,1700,41.75,800,41.74,500,41.71,1500,41.78,1200,41.79,1000,41.8,3700,41.82,1700,41.83,3200,HOLD
1781660571368,09:42:48,41.8,41.5,42.36,41.0,42.24,1390600.0,58160000.0,41.78,400,41.77,1100,41.76,600,41.75,800,41.74,500,41.8,3700,41.83,3000,41.84,1000,41.87,100,41.88,5500,HOLD
1781660574368,09:42:51,41.8,41.5,42.36,41.0,42.24,1397500.0,58450000.0,41.8,1200,41.79,800,41.78,1000,41.77,1100,41.76,600,41.83,2900,41.84,300,41.87,100,41.88,5500,41.9,1500,HOLD
1781660577357,09:42:54,41.8,41.5,42.36,41.0,42.24,1399700.0,58540000.0,41.8,8700,41.79,800,41.78,800,41.77,1100,41.76,1100,41.83,3500,41.84,300,41.87,100,41.88,5500,41.9,1500,HOLD
1781660580355,09:42:57,41.83,41.5,42.36,41.0,42.24,1402200.0,58640000.0,41.81,100,41.8,7700,41.79,1200,41.78,500,41.77,1100,41.83,2500,41.84,300,41.87,100,41.88,5500,41.9,1500,HOLD
1781660583358,09:43:00,41.83,41.5,42.36,41.0,42.24,1406500.0,58820000.0,41.83,100,41.81,300,41.8,6000,41.79,1200,41.78,500,41.84,300,41.87,100,41.88,5500,41.9,1400,41.91,2900,HOLD
1781660586359,09:43:03,41.84,41.5,42.36,41.0,42.24,1406900.0,58840000.0,41.83,100,41.82,1100,41.81,5500,41.8,6000,41.79,5900,41.84,1300,41.87,100,41.88,5500,41.9,1400,41.91,2900,HOLD
1781660589364,09:43:06,41.88,41.5,42.36,41.0,42.24,1412000.0,59050000.0,41.86,200,41.85,1500,41.84,2900,41.82,5800,41.81,5500,41.88,4000,41.9,1400,41.91,2900,41.93,700,41.95,2200,HOLD
1781660592362,09:43:09,41.87,41.5,42.36,41.0,42.24,1415600.0,59210000.0,41.86,300,41.85,1300,41.84,4400,41.82,5800,41.81,5500,41.87,100,41.88,3500,41.9,1400,41.91,2900,41.93,700,HOLD
1781660595364,09:43:12,41.87,41.5,42.36,41.0,42.24,1416800.0,59260000.0,41.86,400,41.85,600,41.84,4900,41.82,5800,41.81,5500,41.87,1300,41.88,2400,41.9,1400,41.91,1900,41.93,700,HOLD
1781660597357,09:43:15,41.86,41.5,42.36,41.0,42.24,1419300.0,59360000.0,41.85,900,41.84,4900,41.82,5800,41.81,5500,41.8,14600,41.86,400,41.87,400,41.88,2400,41.9,1400,41.91,1900,HOLD
1781660601366,09:43:18,41.86,41.5,42.36,41.0,42.24,1420900.0,59430000.0,41.84,3700,41.82,5800,41.81,5500,41.8,14600,41.79,5100,41.86,2500,41.87,300,41.88,2400,41.9,1400,41.91,1900,HOLD
1781660604367,09:43:21,41.81,41.5,42.36,41.0,42.24,1434900.0,60010000.0,41.8,19400,41.79,5100,41.78,2400,41.77,1100,41.76,1100,41.82,400,41.86,2700,41.87,300,41.88,2400,41.9,1400,HOLD
1781660606390,09:43:24,41.8,41.5,42.36,41.0,42.24,1438800.0,60180000.0,41.8,10800,41.79,5100,41.78,7700,41.77,1500,41.76,1100,41.82,3500,41.84,200,41.85,1000,41.86,1700,41.87,300,HOLD
1781660610355,09:43:27,41.81,41.5,42.36,41.0,42.24,1441000.0,60270000.0,41.81,300,41.8,10500,41.79,5100,41.78,7700,41.77,1500,41.82,3500,41.84,200,41.85,1000,41.86,1700,41.87,300,HOLD
1781660616358,09:43:33,41.87,41.5,42.36,41.0,42.24,1448900.0,60600000.0,41.87,4400,41.86,4500,41.85,700,41.84,400,41.83,1100,41.88,2400,41.9,1400,41.91,1700,41.93,700,41.95,2200,HOLD
1781660619359,09:43:36,41.87,41.5,42.36,41.0,42.24,1457700.0,60970000.0,41.86,1600,41.85,700,41.84,400,41.83,500,41.81,600,41.87,2100,41.88,4000,41.9,1400,41.91,1700,41.92,700,HOLD
1781660622359,09:43:39,41.88,41.5,42.36,41.0,42.24,1467800.0,61390000.0,41.88,3800,41.85,500,41.84,400,41.83,500,41.81,600,41.9,1400,41.91,1700,41.93,700,41.95,2200,41.96,800,HOLD
1781660625362,09:43:42,41.9,41.5,42.36,41.0,42.24,1473100.0,61610000.0,41.85,500,41.84,3600,41.83,500,41.82,100,41.81,600,41.9,3100,41.91,1700,41.95,2200,41.96,800,41.97,100,HOLD
1781660628364,09:43:45,41.9,41.5,42.36,41.0,42.24,1473100.0,61610000.0,41.88,100,41.87,600,41.86,500,41.85,1600,41.84,3600,41.9,3200,41.91,1700,41.95,2200,41.96,800,41.97,100,HOLD
1781660631364,09:43:48,41.85,41.5,42.36,41.0,42.24,1480600.0,61930000.0,41.85,100,41.84,700,41.83,400,41.82,200,41.81,400,41.9,2400,41.91,1700,41.95,2200,41.96,800,41.97,100,HOLD
1781660634365,09:43:51,41.9,41.5,42.36,41.0,42.24,1481800.0,61980000.0,41.9,100,41.86,1000,41.85,200,41.84,100,41.83,300,41.91,1700,41.95,2200,41.96,800,41.97,100,42.0,4600,HOLD
1781660637366,09:43:54,41.85,41.5,42.36,41.0,42.24,1487800.0,62230000.0,41.84,500,41.83,300,41.82,7700,41.81,400,41.8,15000,41.85,500,41.88,100,41.89,100,41.9,3200,41.91,1700,HOLD
1781660640368,09:43:57,41.9,41.5,42.36,41.0,42.24,1490600.0,62340000.0,41.85,100,41.84,1700,41.83,300,41.82,7700,41.81,400,41.9,1400,41.91,1700,41.95,2200,41.96,800,41.97,100,HOLD
1781660643369,09:44:00,41.85,41.5,42.36,41.0,42.24,1494800.0,62520000.0,41.84,1100,41.83,300,41.82,7700,41.81,400,41.8,15300,41.85,200,41.9,800,41.91,1700,41.95,2200,41.96,800,HOLD
1781660646369,09:44:03,41.85,41.5,42.36,41.0,42.24,1494800.0,62520000.0,41.85,2000,41.84,2300,41.83,300,41.82,7700,41.81,400,41.9,800,41.91,1700,41.95,2200,41.96,800,41.97,100,HOLD
1781660649375,09:44:06,41.85,41.5,42.36,41.0,42.24,1496700.0,62600000.0,41.85,1500,41.84,2300,41.83,300,41.82,7700,41.81,400,41.9,1100,41.91,1700,41.95,2200,41.96,800,41.97,100,HOLD
1781660652372,09:44:09,41.85,41.5,42.36,41.0,42.24,1496800.0,62600000.0,41.85,2600,41.84,3300,41.83,300,41.82,7700,41.81,300,41.9,1100,41.91,1700,41.95,2200,41.96,800,41.97,100,HOLD
1781660655373,09:44:12,41.85,41.5,42.36,41.0,42.24,1496800.0,62600000.0,41.86,500,41.85,3100,41.84,3300,41.83,300,41.82,7700,41.9,1800,41.91,1700,41.95,2200,41.96,800,41.97,100,HOLD
1781660658374,09:44:15,41.9,41.5,42.36,41.0,42.24,1497500.0,62630000.0,41.87,500,41.86,600,41.85,3300,41.84,2800,41.83,300,41.9,1200,41.91,1700,41.95,2200,41.96,800,41.97,100,HOLD
1781660661376,09:44:18,41.86,41.5,42.36,41.0,42.24,1500600.0,62760000.0,41.85,3900,41.84,2200,41.82,7700,41.81,1300,41.8,16600,41.9,1200,41.91,1700,41.95,2200,41.96,800,41.97,100,HOLD
1781660663546,09:44:21,41.89,41.5,42.36,41.0,42.24,1536900.0,64280000.0,41.8,200,41.78,2600,41.76,1100,41.75,900,41.74,500,41.9,2800,41.91,1700,41.95,2200,41.96,800,41.97,100,HOLD
1781660667378,09:44:24,41.78,41.5,42.36,41.0,42.24,1545800.0,64650000.0,41.76,1100,41.75,900,41.74,500,41.73,100,41.72,100,41.78,700,41.8,200,41.81,300,41.83,300,41.84,1000,HOLD
1781660670379,09:44:27,41.76,41.5,42.36,41.0,42.24,1546000.0,64660000.0,41.76,900,41.75,900,41.74,500,41.73,100,41.72,100,41.78,700,41.8,500,41.81,300,41.83,300,41.84,1000,HOLD
1781660673380,09:44:30,41.76,41.5,42.36,41.0,42.24,1548600.0,64770000.0,41.75,900,41.74,300,41.73,100,41.72,100,41.71,900,41.76,200,41.78,1300,41.83,300,41.84,300,41.87,600,HOLD
1781660676381,09:44:33,41.76,41.5,42.36,41.0,42.24,1549600.0,64810000.0,41.75,1000,41.74,300,41.73,100,41.72,100,41.71,900,41.78,1300,41.79,100,41.83,300,41.84,300,41.87,600,HOLD
1781660679383,09:44:36,41.74,41.5,42.36,41.0,42.24,1551400.0,64890000.0,41.74,100,41.71,900,41.7,10300,41.68,10700,41.66,800,41.75,1100,41.78,800,41.79,100,41.8,700,41.83,300,HOLD
1781660682384,09:44:39,41.74,41.5,42.36,41.0,42.24,1551400.0,64890000.0,41.74,1700,41.71,900,41.7,10500,41.68,10700,41.66,800,41.75,1500,41.78,800,41.79,100,41.8,700,41.83,300,HOLD
1781660685384,09:44:42,41.74,41.5,42.36,41.0,42.24,1556900.0,65120000.0,41.74,1400,41.71,1500,41.7,11400,41.68,10700,41.66,800,41.82,100,41.83,300,41.84,300,41.87,600,41.9,1200,HOLD
1781660688386,09:44:45,41.74,41.5,42.36,41.0,42.24,1559700.0,65230000.0,41.74,2200,41.72,200,41.71,600,41.7,10900,41.68,10700,41.81,200,41.82,2900,41.83,300,41.84,300,41.87,600,HOLD
1781660691385,09:44:48,41.74,41.5,42.36,41.0,42.24,1563800.0,65400000.0,41.74,100,41.73,100,41.72,200,41.71,600,41.7,11400,41.8,100,41.81,2000,41.82,200,41.83,300,41.84,300,HOLD
1781660694389,09:44:51,41.8,41.5,42.36,41.0,42.24,1563900.0,65410000.0,41.75,200,41.74,300,41.73,100,41.72,300,41.71,700,41.8,200,41.81,2000,41.82,200,41.83,300,41.84,300,HOLD
1781660697389,09:44:54,41.74,41.5,42.36,41.0,42.24,1565400.0,65470000.0,41.73,100,41.72,400,41.71,1300,41.7,11400,41.68,10700,41.8,1500,41.81,200,41.82,200,41.83,300,41.84,300,HOLD
1781660700390,09:44:57,41.72,41.5,42.36,41.0,42.24,1565800.0,65490000.0,41.73,100,41.72,100,41.71,1300,41.7,11400,41.68,10700,41.75,200,41.79,100,41.8,1600,41.81,200,41.82,200,HOLD
1781660703392,09:45:00,41.73,41.5,42.36,41.0,42.24,1566000.0,65500000.0,41.73,1100,41.72,100,41.71,1300,41.7,11400,41.68,10700,41.75,1300,41.79,100,41.8,200,41.81,200,41.82,200,HOLD
1781660706393,09:45:03,41.73,41.5,42.36,41.0,42.24,1566000.0,65500000.0,41.74,1300,41.73,1700,41.72,100,41.71,1300,41.7,8400,41.75,1300,41.79,100,41.8,200,41.81,200,41.82,200,HOLD
1781660709396,09:45:06,41.78,41.5,42.36,41.0,42.24,1568000.0,65580000.0,41.77,200,41.75,1000,41.74,7400,41.73,3000,41.72,100,41.8,200,41.81,100,41.82,200,41.83,300,41.87,100,HOLD
1781660711675,09:45:09,41.79,41.5,42.36,41.0,42.24,1568400.0,65600000.0,41.78,100,41.77,1200,41.75,1000,41.74,7400,41.73,3000,41.8,1200,41.81,100,41.82,200,41.83,300,41.87,100,HOLD
1781660715395,09:45:12,41.8,41.5,42.36,41.0,42.24,1569100.0,65630000.0,41.79,500,41.78,500,41.77,1200,41.75,1000,41.74,7400,41.8,700,41.81,100,41.82,200,41.83,300,41.85,100,HOLD
1781660718397,09:45:15,41.77,41.5,42.36,41.0,42.24,1571000.0,65710000.0,41.78,300,41.77,3400,41.75,1000,41.74,7400,41.73,2200,41.8,700,41.81,100,41.82,200,41.83,300,41.85,100,HOLD
1781660721399,09:45:18,41.8,41.5,42.36,41.0,42.24,1572400.0,65760000.0,41.8,600,41.78,300,41.77,3700,41.75,1000,41.74,7400,41.81,100,41.82,100,41.83,300,41.85,100,41.9,400,HOLD
1781660724399,09:45:21,41.81,41.5,42.36,41.0,42.24,1572900.0,65780000.0,41.81,300,41.8,600,41.78,300,41.77,3700,41.75,1000,41.82,100,41.85,100,41.87,100,41.9,400,41.91,1700,HOLD
1781660727400,09:45:24,41.8,41.5,42.36,41.0,42.24,1576900.0,65950000.0,41.79,300,41.78,300,41.77,3700,41.75,1000,41.74,7400,41.8,6900,41.82,300,41.85,100,41.87,100,41.9,400,HOLD
1781660730389,09:45:27,41.79,41.5,42.36,41.0,42.24,1577800.0,65990000.0,41.79,200,41.78,300,41.77,3600,41.75,1000,41.74,7500,41.8,7400,41.85,100,41.87,100,41.9,400,41.91,1700,HOLD
1781660733413,09:45:30,41.75,41.5,42.36,41.0,42.24,1586400.0,66350000.0,41.75,400,41.74,7500,41.73,1300,41.72,1800,41.71,700,41.78,100,41.79,400,41.8,9100,41.81,100,41.83,100,HOLD
1781660736386,09:45:33,41.74,41.5,42.36,41.0,42.24,1589500.0,66480000.0,41.75,3900,41.74,5200,41.73,1300,41.72,1800,41.71,700,41.77,100,41.78,200,41.79,600,41.8,8100,41.81,100,HOLD
1781660739390,09:45:36,41.75,41.5,42.36,41.0,42.24,1594300.0,66680000.0,41.74,4500,41.73,1300,41.72,1800,41.71,700,41.7,9800,41.77,500,41.78,1300,41.79,200,41.8,8100,41.81,100,HOLD
1781660741740,09:45:39,41.77,41.5,42.36,41.0,42.24,1596900.0,66790000.0,41.75,100,41.74,2200,41.73,1300,41.72,1800,41.71,700,41.77,2700,41.78,200,41.8,8100,41.81,200,41.83,100,HOLD
1781660745395,09:45:42,41.77,41.5,42.36,41.0,42.24,1598100.0,66840000.0,41.75,1400,41.74,2200,41.73,1300,41.72,1800,41.71,700,41.77,1300,41.78,100,41.8,7400,41.81,200,41.83,100,HOLD
1781660748394,09:45:45,41.77,41.5,42.36,41.0,42.24,1600100.0,66920000.0,41.76,100,41.75,2500,41.74,2200,41.73,1300,41.72,1800,41.77,400,41.8,7400,41.81,200,41.83,100,41.84,700,HOLD
1781660751395,09:45:48,41.77,41.5,42.36,41.0,42.24,1600100.0,66920000.0,41.76,200,41.75,2500,41.74,2200,41.73,1300,41.72,1800,41.77,500,41.8,7400,41.81,200,41.83,100,41.84,700,HOLD
1781660754397,09:45:51,41.77,41.5,42.36,41.0,42.24,1602400.0,67020000.0,41.77,800,41.76,100,41.75,2400,41.74,2500,41.73,1300,41.79,100,41.8,7400,41.81,300,41.83,100,41.84,700,HOLD
1781660757398,09:45:54,41.78,41.5,42.36,41.0,42.24,1602600.0,67030000.0,41.78,100,41.77,800,41.76,100,41.75,2200,41.74,2500,41.79,1300,41.8,7400,41.81,300,41.83,100,41.84,700,HOLD
1781660760399,09:45:57,41.75,41.5,42.36,41.0,42.24,1610000.0,67330000.0,41.73,700,41.72,1800,41.71,1700,41.7,8600,41.68,12300,41.75,1100,41.76,2000,41.78,100,41.79,1100,41.8,8100,HOLD
1781660763400,09:46:00,41.75,41.5,42.36,41.0,42.24,1613100.0,67460000.0,41.72,700,41.71,1700,41.7,7900,41.68,12300,41.66,300,41.75,2000,41.76,2000,41.78,100,41.79,400,41.8,8100,HOLD
1781660766401,09:46:03,41.75,41.5,42.36,41.0,42.24,1616200.0,67590000.0,41.75,300,41.72,500,41.71,1700,41.7,7900,41.68,12300,41.76,2000,41.78,100,41.79,400,41.8,8100,41.81,300,HOLD
1781660769409,09:46:06,41.72,41.5,42.36,41.0,42.24,1621700.0,67820000.0,41.71,1700,41.7,7900,41.68,12300,41.66,300,41.65,4200,41.72,500,41.76,1500,41.78,100,41.79,400,41.8,7400,HOLD
1781660772402,09:46:09,41.75,41.5,42.36,41.0,42.24,1625000.0,67960000.0,41.73,1200,41.72,2100,41.71,2800,41.7,7900,41.68,12300,41.76,1300,41.78,100,41.79,400,41.8,7400,41.81,200,HOLD
1781660775403,09:46:12,41.76,41.5,42.36,41.0,42.24,1625200.0,67970000.0,41.75,500,41.74,1600,41.73,1400,41.72,2100,41.71,2800,41.76,1300,41.78,100,41.79,400,41.8,7400,41.81,200,HOLD
1781660778404,09:46:15,41.75,41.5,42.36,41.0,42.24,1627500.0,68060000.0,41.74,1600,41.73,2000,41.72,2100,41.71,2800,41.7,7900,41.75,500,41.76,800,41.78,100,41.79,400,41.8,7400,HOLD
1781660781406,09:46:18,41.75,41.5,42.36,41.0,42.24,1629300.0,68140000.0,41.74,2000,41.73,2000,41.72,2100,41.71,2900,41.7,7900,41.76,600,41.78,100,41.79,500,41.8,7400,41.81,200,HOLD
1781660784407,09:46:21,41.75,41.5,42.36,41.0,42.24,1629300.0,68140000.0,41.75,100,41.74,2100,41.73,2000,41.72,2000,41.71,2900,41.76,800,41.78,100,41.79,500,41.8,7400,41.81,200,HOLD
1781660787407,09:46:24,41.76,41.5,42.36,41.0,42.24,1630800.0,68200000.0,41.76,100,41.75,2100,41.74,2100,41.73,3000,41.72,2400,41.78,100,41.79,500,41.8,7400,41.81,200,41.83,100,HOLD
1781660790410,09:46:27,41.78,41.5,42.36,41.0,42.24,1630900.0,68210000.0,41.78,100,41.77,600,41.76,1900,41.75,2600,41.74,1800,41.79,500,41.8,7400,41.81,200,41.83,100,41.87,100,HOLD
1781660793410,09:46:30,41.79,41.5,42.36,41.0,42.24,1631800.0,68240000.0,41.78,1200,41.77,600,41.76,1900,41.75,1900,41.74,1800,41.79,200,41.8,7400,41.81,200,41.83,100,41.87,100,HOLD
1781660796411,09:46:33,41.79,41.5,42.36,41.0,42.24,1632200.0,68260000.0,41.79,200,41.78,1500,41.77,600,41.76,1900,41.75,1900,41.8,7400,41.81,200,41.83,100,41.85,100,41.87,100,HOLD
1781660799412,09:46:36,41.8,41.5,42.36,41.0,42.24,1633500.0,68320000.0,41.79,1000,41.78,1400,41.77,600,41.76,1900,41.75,2700,41.8,6700,41.81,100,41.85,100,41.87,100,41.9,800,HOLD
1781660802414,09:46:39,41.79,41.5,42.36,41.0,42.24,1635100.0,68380000.0,41.79,1200,41.78,1400,41.77,200,41.76,1800,41.75,2700,41.8,5700,41.81,100,41.85,100,41.87,100,41.9,800,HOLD
1781660805414,09:46:42,41.79,41.5,42.36,41.0,42.24,1642300.0,68680000.0,41.79,1000,41.78,1400,41.77,200,41.76,2600,41.75,2500,41.81,100,41.85,100,41.87,100,41.9,800,41.91,1700,HOLD
1781660808415,09:46:45,41.81,41.5,42.36,41.0,42.24,1643000.0,68710000.0,41.8,1100,41.79,1100,41.78,1600,41.76,2200,41.75,2500,41.81,3500,41.85,100,41.87,100,41.9,800,41.91,1700,HOLD
1781660811417,09:46:48,41.81,41.5,42.36,41.0,42.24,1647500.0,68900000.0,41.81,200,41.8,7400,41.79,1100,41.78,1100,41.76,1900,41.85,100,41.87,100,41.9,800,41.91,1700,41.95,3200,HOLD
1781660814418,09:46:51,41.85,41.5,42.36,41.0,42.24,1649600.0,68990000.0,41.81,300,41.8,6500,41.79,1100,41.78,900,41.76,1900,41.85,500,41.87,100,41.9,800,41.91,1700,41.95,3200,HOLD
1781660817419,09:46:54,41.85,41.5,42.36,41.0,42.24,1649600.0,68990000.0,41.83,400,41.81,400,41.8,7200,41.79,1100,41.78,900,41.85,500,41.87,100,41.9,800,41.91,1700,41.95,3200,HOLD
1781660820421,09:46:57,41.87,41.5,42.36,41.0,42.24,1651600.0,69070000.0,41.83,100,41.81,400,41.8,7200,41.79,1000,41.78,900,41.9,800,41.91,1700,41.95,3200,41.97,100,41.99,100,HOLD
1781660823422,09:47:00,41.89,41.5,42.36,41.0,42.24,1651700.0,69080000.0,41.85,1600,41.83,2600,41.81,700,41.8,7200,41.79,1000,41.89,100,41.9,900,41.91,1700,41.95,3200,41.97,100,HOLD
1781660826424,09:47:03,41.89,41.5,42.36,41.0,42.24,1651900.0,69080000.0,41.87,2600,41.85,1600,41.84,700,41.83,2300,41.81,700,41.89,100,41.9,900,41.91,1700,41.95,3200,41.97,100,HOLD
1781660829430,09:47:06,41.89,41.5,42.36,41.0,42.24,1652700.0,69120000.0,41.89,100,41.87,2500,41.85,1600,41.84,700,41.83,2200,41.9,900,41.91,1700,41.95,3200,41.97,100,41.99,100,HOLD
1781660832425,09:47:09,41.89,41.5,42.36,41.0,42.24,1652900.0,69130000.0,41.87,2500,41.85,1600,41.84,700,41.83,2200,41.81,700,41.89,300,41.9,900,41.91,1700,41.95,3200,41.97,100,HOLD
1781660835429,09:47:12,41.89,41.5,42.36,41.0,42.24,1653100.0,69130000.0,41.88,300,41.87,5300,41.85,1600,41.84,700,41.83,2200,41.89,100,41.9,1300,41.91,1700,41.95,3200,41.97,100,HOLD
1781660838430,09:47:15,41.89,41.5,42.36,41.0,42.24,1653600.0,69160000.0,41.88,300,41.87,5300,41.85,1600,41.84,700,41.83,2000,41.89,500,41.9,800,41.91,1700,41.95,3200,41.97,100,HOLD
1781660841431,09:47:18,41.89,41.5,42.36,41.0,42.24,1654900.0,69210000.0,41.88,700,41.87,5200,41.85,1600,41.84,700,41.83,1900,41.9,800,41.91,1700,41.95,3200,41.97,100,41.99,100,HOLD
1781660844431,09:47:21,41.89,41.5,42.36,41.0,42.24,1654900.0,69210000.0,41.89,1700,41.88,900,41.87,5200,41.85,1600,41.84,700,41.9,1200,41.91,1700,41.95,3200,41.97,100,41.99,100,HOLD
1781660847433,09:47:24,41.89,41.5,42.36,41.0,42.24,1655500.0,69240000.0,41.89,2100,41.88,700,41.87,4900,41.85,1600,41.84,700,41.9,2000,41.91,1700,41.95,3200,41.97,100,41.99,100,HOLD
1781660850024,09:47:27,41.89,41.5,42.36,41.0,42.24,1658200.0,69350000.0,41.88,700,41.87,4900,41.85,1600,41.84,700,41.83,1900,41.89,400,41.9,1700,41.91,1700,41.95,3200,41.97,100,HOLD
1781660853437,09:47:30,41.88,41.5,42.36,41.0,42.24,1658700.0,69370000.0,41.88,400,41.87,4900,41.85,1600,41.84,700,41.83,1900,41.89,2400,41.9,1600,41.91,1700,41.95,3200,41.97,100,HOLD
1781660856438,09:47:33,41.88,41.5,42.36,41.0,42.24,1660200.0,69430000.0,41.88,200,41.87,4900,41.85,1600,41.83,1900,41.81,400,41.89,1800,41.9,1600,41.91,1700,41.95,3200,41.97,100,HOLD
1781660859440,09:47:36,41.87,41.5,42.36,41.0,42.24,1662200.0,69520000.0,41.88,200,41.87,3600,41.85,1600,41.83,1900,41.81,100,41.89,4000,41.9,1300,41.91,1700,41.95,3200,41.97,100,HOLD
1781660862060,09:47:39,41.89,41.5,42.36,41.0,42.24,1666800.0,69710000.0,41.89,1500,41.88,100,41.87,3600,41.85,1600,41.83,1900,41.9,1300,41.91,1700,41.95,3200,41.97,100,41.99,100,HOLD
1781660865443,09:47:42,41.9,41.5,42.36,41.0,42.24,1668000.0,69760000.0,41.89,2100,41.88,2100,41.87,3600,41.85,1600,41.83,1900,41.9,2100,41.91,1700,41.95,3200,41.97,100,41.99,100,HOLD
1781660868444,09:47:45,41.9,41.5,42.36,41.0,42.24,1668600.0,69780000.0,41.89,2100,41.88,2100,41.87,3600,41.85,1600,41.83,1900,41.9,1500,41.91,1700,41.95,3200,41.97,100,41.99,100,HOLD
1781660871445,09:47:48,41.9,41.5,42.36,41.0,42.24,1668900.0,69800000.0,41.89,4800,41.88,2400,41.87,3600,41.85,1600,41.84,700,41.9,1700,41.91,1700,41.95,3200,41.97,100,41.99,100,HOLD
1781660874447,09:47:51,41.9,41.5,42.36,41.0,42.24,1673100.0,69970000.0,41.89,1200,41.88,2400,41.87,3600,41.85,1600,41.84,700,41.9,1100,41.91,1700,41.95,2200,41.97,100,41.99,100,HOLD
1781660877447,09:47:54,41.88,41.5,42.36,41.0,42.24,1675700.0,70080000.0,41.88,1800,41.87,3600,41.85,1600,41.84,700,41.83,1900,41.89,1000,41.9,300,41.91,1700,41.95,2200,41.97,100,HOLD
1781660880448,09:47:57,41.89,41.5,42.36,41.0,42.24,1676200.0,70100000.0,41.88,2100,41.87,3600,41.85,1600,41.84,700,41.83,1900,41.89,500,41.9,300,41.91,1700,41.95,2200,41.97,100,HOLD
1781660883126,09:48:00,41.89,41.5,42.36,41.0,42.24,1676800.0,70130000.0,41.88,2200,41.87,3600,41.85,1600,41.84,700,41.83,1900,41.89,800,41.91,1700,41.95,2200,41.97,100,41.99,100,HOLD
1781660886451,09:48:03,41.89,41.5,42.36,41.0,42.24,1677600.0,70160000.0,41.89,100,41.88,2200,41.87,3700,41.85,1600,41.84,700,41.91,1700,41.95,2200,41.97,100,41.99,100,42.0,5300,HOLD
1781660889454,09:48:06,41.88,41.5,42.36,41.0,42.24,1680200.0,70270000.0,41.87,3700,41.85,1600,41.83,1900,41.81,1100,41.8,7800,41.88,400,41.89,500,41.91,1900,41.95,2200,41.97,100,HOLD
1781660892147,09:48:09,41.88,41.5,42.36,41.0,42.24,1680600.0,70290000.0,41.87,3700,41.85,1600,41.83,1900,41.81,1100,41.8,7800,41.88,1300,41.89,600,41.91,1700,41.95,2200,41.97,100,HOLD
1781660895454,09:48:12,41.87,41.5,42.36,41.0,42.24,1681500.0,70320000.0,41.87,2900,41.85,1400,41.83,1900,41.81,1100,41.8,7800,41.88,1200,41.89,600,41.9,400,41.91,1700,41.95,2200,HOLD
1781660898457,09:48:15,41.87,41.5,42.36,41.0,42.24,1685500.0,70490000.0,41.86,400,41.85,1400,41.83,1900,41.81,1100,41.8,7800,41.87,500,41.88,1200,41.89,500,41.9,400,41.91,1700,HOLD
1781660901457,09:48:18,41.95,41.5,42.36,41.0,42.24,1693300.0,70820000.0,41.94,600,41.93,1800,41.92,4300,41.9,100,41.87,1500,41.95,1400,41.97,600,41.99,100,42.0,5300,42.04,1000,HOLD
1781660904458,09:48:21,41.93,41.5,42.36,41.0,42.24,1695900.0,70930000.0,41.93,400,41.92,4300,41.9,100,41.87,1400,41.86,900,41.95,3100,41.97,600,41.99,100,42.0,5300,42.04,1000,HOLD
1781660907458,09:48:24,41.95,41.5,42.36,41.0,42.24,1702300.0,71200000.0,41.95,4500,41.92,3900,41.9,100,41.87,1500,41.86,900,41.97,600,41.99,100,42.0,5300,42.04,1000,42.05,1700,HOLD
1781660910461,09:48:27,41.97,41.5,42.36,41.0,42.24,1704400.0,71280000.0,41.97,400,41.96,100,41.95,4500,41.92,3900,41.9,100,41.99,100,42.0,5300,42.04,1000,42.05,1700,42.08,1500,HOLD
1781660913464,09:48:30,41.97,41.5,42.36,41.0,42.24,1704700.0,71300000.0,41.97,200,41.96,100,41.95,4500,41.92,3900,41.9,100,41.99,100,42.0,2300,42.04,1000,42.05,1700,42.08,1500,HOLD
1781660916247,09:48:33,41.97,41.5,42.36,41.0,42.24,1706200.0,71360000.0,41.97,6700,41.96,100,41.95,4500,41.92,3900,41.9,100,41.99,900,42.0,2300,42.04,1000,42.05,7500,42.08,1500,HOLD
1781660919468,09:48:36,41.97,41.5,42.36,41.0,42.24,1706200.0,71360000.0,41.97,7600,41.96,100,41.95,4500,41.92,3900,41.9,100,41.99,1200,42.0,2000,42.04,1000,42.05,7500,42.08,1500,HOLD
1781660925471,09:48:42,41.99,41.5,42.36,41.0,42.24,1710500.0,71540000.0,41.97,5700,41.95,4500,41.92,3900,41.9,100,41.88,1300,41.98,2500,41.99,700,42.0,2200,42.04,1000,42.05,7500,HOLD
1781660928471,09:48:45,41.95,41.5,42.36,41.0,42.24,1720900.0,71980000.0,41.92,2700,41.9,100,41.89,500,41.88,1300,41.87,300,41.96,2400,41.97,2100,41.98,8100,41.99,200,42.0,6600,HOLD
1781660934473,09:48:48,41.96,41.5,42.36,41.0,42.24,1721000.0,71980000.0,41.92,2800,41.9,100,41.89,500,41.88,1300,41.87,200,41.96,10200,41.97,1100,41.98,5900,41.99,200,42.0,6600,HOLD
1781660937474,09:48:54,41.98,41.5,42.36,41.0,42.24,1738100.0,72700000.0,41.98,8000,41.97,1400,41.96,20800,41.95,1200,41.94,1200,42.0,5700,42.04,1000,42.05,7500,42.08,1500,42.09,200,HOLD
1781660940475,09:48:57,42.08,41.5,42.36,41.0,42.24,1757200.0,73500000.0,42.05,4400,42.04,1900,42.01,300,42.0,11200,41.99,1700,42.08,1200,42.09,200,42.1,2000,42.12,300,42.13,800,HOLD
1781660943476,09:49:00,42.1,41.5,42.36,41.0,42.24,1767400.0,73930000.0,42.1,600,42.09,1300,42.06,2700,42.04,1700,42.0,10500,42.12,300,42.13,800,42.14,1100,42.15,1100,42.17,200,HOLD
1781660946477,09:49:03,42.2,41.5,42.36,41.0,42.24,1771600.0,74110000.0,42.15,300,42.14,500,42.13,800,42.12,800,42.11,200,42.2,3200,42.21,200,42.24,500,42.25,100,42.26,1600,HOLD
1781660949481,09:49:06,42.2,41.5,42.36,41.0,42.24,1771600.0,74110000.0,42.16,100,42.15,1000,42.14,500,42.13,800,42.12,800,42.2,5100,42.21,200,42.24,500,42.25,100,42.26,1600,HOLD
1781660952478,09:49:09,42.2,41.5,42.36,41.0,42.24,1771700.0,74110000.0,42.18,400,42.16,2700,42.15,500,42.14,500,42.13,800,42.2,6800,42.21,200,42.24,500,42.25,100,42.26,1600,HOLD
1781660955481,09:49:12,42.18,41.5,42.36,41.0,42.24,1771900.0,74120000.0,42.18,500,42.16,2400,42.15,500,42.14,500,42.13,800,42.2,6700,42.21,200,42.24,500,42.25,100,42.26,1600,HOLD
1781660958482,09:49:15,42.18,41.5,42.36,41.0,42.24,1771900.0,74120000.0,42.19,300,42.18,500,42.16,2400,42.15,500,42.14,500,42.2,6700,42.21,200,42.24,500,42.25,100,42.26,1600,HOLD
1781660961483,09:49:18,42.2,41.5,42.36,41.0,42.24,1776000.0,74290000.0,42.19,100,42.18,1000,42.16,2300,42.15,500,42.14,500,42.2,4600,42.21,200,42.24,500,42.25,100,42.26,1600,HOLD
1781660964402,09:49:21,42.18,41.5,42.36,41.0,42.24,1777800.0,74370000.0,42.16,2300,42.15,500,42.14,500,42.12,1300,42.08,500,42.18,300,42.19,100,42.2,5100,42.21,200,42.24,500,HOLD
1781660967485,09:49:24,42.18,41.5,42.36,41.0,42.24,1779000.0,74420000.0,42.16,600,42.15,2200,42.14,500,42.12,1300,42.08,500,42.18,4900,42.19,100,42.2,1400,42.21,200,42.24,500,HOLD
1781660970488,09:49:27,42.16,41.5,42.36,41.0,42.24,1780200.0,74470000.0,42.15,200,42.14,2200,42.12,1300,42.08,500,42.06,2700,42.16,800,42.18,5100,42.2,1100,42.21,200,42.24,500,HOLD
1781660973488,09:49:30,42.18,41.5,42.36,41.0,42.24,1787100.0,74760000.0,42.18,600,42.16,200,42.15,200,42.14,2200,42.12,1300,42.2,900,42.21,200,42.24,500,42.25,100,42.26,1700,HOLD
1781660976489,09:49:33,42.18,41.5,42.36,41.0,42.24,1787200.0,74770000.0,42.18,500,42.16,300,42.15,200,42.14,2200,42.12,1300,42.2,900,42.21,200,42.24,500,42.25,100,42.26,1700,HOLD
1781660979491,09:49:36,42.17,41.5,42.36,41.0,42.24,1788400.0,74820000.0,42.16,200,42.15,200,42.14,2200,42.12,1300,42.08,500,42.17,600,42.18,200,42.19,700,42.2,1900,42.21,200,HOLD
1781660985480,09:49:42,42.16,41.5,42.36,41.0,42.24,1789400.0,74860000.0,42.15,200,42.14,500,42.13,1700,42.12,1300,42.08,500,42.16,300,42.17,3600,42.18,4600,42.19,600,42.2,1700,HOLD
1781660988480,09:49:45,42.11,41.5,42.36,41.0,42.24,1793100.0,75010000.0,42.06,2700,42.05,100,41.99,700,41.97,3200,41.96,1000,42.11,500,42.12,1400,42.13,2500,42.14,1200,42.15,500,HOLD
1781660991482,09:49:48,42.11,41.5,42.36,41.0,42.24,1793100.0,75010000.0,42.07,1800,42.06,2700,42.05,100,41.99,700,41.97,3200,42.1,700,42.11,4200,42.12,1400,42.13,2500,42.14,200,HOLD
1781660994483,09:49:51,42.07,41.5,42.36,41.0,42.24,1794300.0,75060000.0,42.07,1600,42.06,2700,42.05,100,41.99,700,41.97,3200,42.09,300,42.1,3700,42.11,800,42.12,1400,42.13,2500,HOLD
1781660997483,09:49:54,42.05,41.5,42.36,41.0,42.24,1798900.0,75260000.0,42.0,400,41.99,500,41.97,2700,41.96,1000,41.93,1100,42.05,100,42.07,2100,42.08,700,42.09,3500,42.1,600,HOLD
1781661000488,09:49:57,42.09,41.5,42.36,41.0,42.24,1803900.0,75470000.0,42.01,300,42.0,900,41.99,500,41.97,2700,41.96,1000,42.05,3200,42.07,200,42.08,100,42.1,600,42.11,300,HOLD
1781661003487,09:50:00,42.01,41.5,42.36,41.0,42.24,1805300.0,75530000.0,42.01,100,42.0,900,41.99,500,41.98,100,41.97,2700,42.05,4400,42.07,100,42.08,100,42.1,600,42.11,300,HOLD
1781661006513,09:50:03,42.01,41.5,42.36,41.0,42.24,1806400.0,75570000.0,42.01,100,42.0,700,41.99,500,41.98,100,41.97,2700,42.04,100,42.05,800,42.07,100,42.08,100,42.1,600,HOLD
1781661009493,09:50:06,42.0,41.5,42.36,41.0,42.24,1807700.0,75630000.0,41.99,500,41.98,100,41.97,2700,41.96,1000,41.93,1100,42.0,200,42.01,400,42.04,1200,42.05,600,42.07,100,HOLD
1781661012490,09:50:09,41.97,41.5,42.36,41.0,42.24,1812700.0,75840000.0,41.98,200,41.97,1300,41.96,1000,41.93,1100,41.92,1300,42.05,1300,42.07,100,42.08,100,42.1,600,42.11,300,HOLD
1781661015493,09:50:12,42.0,41.5,42.36,41.0,42.24,1818800.0,76090000.0,41.99,100,41.98,1300,41.97,300,41.96,1000,41.93,1100,42.0,3100,42.05,2600,42.08,100,42.1,600,42.11,300,HOLD
1781661018494,09:50:15,41.98,41.5,42.36,41.0,42.24,1819900.0,76140000.0,41.97,300,41.96,1000,41.93,1100,41.92,1300,41.9,100,41.98,200,41.99,1600,42.0,3200,42.01,100,42.05,1100,HOLD
1781661021494,09:50:18,41.98,41.5,42.36,41.0,42.24,1823000.0,76270000.0,41.96,400,41.93,1100,41.92,1300,41.9,100,41.89,500,41.98,100,41.99,100,42.0,3200,42.01,100,42.05,1100,HOLD
1781661024493,09:50:21,41.98,41.5,42.36,41.0,42.24,1823600.0,76300000.0,41.97,200,41.96,200,41.93,1100,41.92,1300,41.9,100,41.99,100,42.0,3200,42.01,100,42.05,1100,42.08,100,HOLD
1781661027495,09:50:24,41.96,41.5,42.36,41.0,42.24,1826200.0,76400000.0,41.98,300,41.97,200,41.96,200,41.92,2000,41.9,100,41.99,100,42.0,3200,42.01,100,42.05,400,42.08,100,HOLD
1781661030497,09:50:27,41.97,41.5,42.36,41.0,42.24,1826600.0,76420000.0,41.98,100,41.97,100,41.96,200,41.92,2000,41.9,100,41.99,900,42.0,3200,42.01,100,42.05,400,42.08,100,HOLD
1781661033529,09:50:30,41.99,41.5,42.36,41.0,42.24,1827200.0,76450000.0,41.98,700,41.97,100,41.96,200,41.95,1500,41.92,2000,41.99,1200,42.0,3200,42.01,100,42.05,400,42.08,100,HOLD
1781661036502,09:50:33,41.99,41.5,42.36,41.0,42.24,1828400.0,76500000.0,41.99,100,41.98,1100,41.97,300,41.96,200,41.95,1500,42.0,3200,42.01,100,42.03,100,42.05,400,42.06,100,HOLD
1781661039503,09:50:36,41.99,41.5,42.36,41.0,42.24,1828600.0,76510000.0,41.99,100,41.98,1100,41.97,300,41.96,200,41.95,1500,42.0,3200,42.01,100,42.03,100,42.05,400,42.06,100,HOLD
1781661042504,09:50:39,42.0,41.5,42.36,41.0,42.24,1832000.0,76650000.0,41.99,300,41.98,1300,41.97,300,41.96,200,41.95,1500,42.0,200,42.01,100,42.03,100,42.05,400,42.06,100,HOLD
1781661045505,09:50:42,42.0,41.5,42.36,41.0,42.24,1832100.0,76650000.0,41.99,500,41.98,1300,41.97,300,41.96,200,41.95,1500,42.01,100,42.03,100,42.05,400,42.08,100,42.1,600,HOLD
1781661048506,09:50:45,41.99,41.5,42.36,41.0,42.24,1833200.0,76700000.0,41.98,1300,41.97,300,41.96,200,41.95,1500,41.92,2000,41.99,200,42.01,900,42.03,100,42.05,400,42.08,100,HOLD
1781661051507,09:50:48,42.0,41.5,42.36,41.0,42.24,1834600.0,76760000.0,42.0,900,41.98,800,41.97,300,41.96,200,41.95,1500,42.03,100,42.04,100,42.05,600,42.08,100,42.1,600,HOLD
1781661054508,09:50:51,42.0,41.5,42.36,41.0,42.24,1834600.0,76760000.0,42.01,100,42.0,3800,41.98,800,41.97,300,41.96,200,42.03,100,42.04,100,42.05,600,42.08,100,42.1,600,HOLD
1781661057509,09:50:54,42.02,41.5,42.36,41.0,42.24,1834700.0,76760000.0,42.02,200,42.01,100,42.0,3800,41.98,800,41.97,300,42.03,100,42.04,100,42.05,600,42.08,100,42.1,600,HOLD
1781661060510,09:50:57,42.0,41.5,42.36,41.0,42.24,1837100.0,76860000.0,42.0,2400,41.98,800,41.97,300,41.96,200,41.95,1500,42.01,300,42.04,100,42.05,600,42.08,100,42.1,600,HOLD
1781661063514,09:51:00,42.0,41.5,42.36,41.0,42.24,1839100.0,76950000.0,42.0,400,41.98,800,41.97,300,41.96,200,41.95,1500,42.01,2100,42.02,300,42.04,100,42.05,600,42.08,100,HOLD
1781661066512,09:51:03,42.05,41.5,42.36,41.0,42.24,1844000.0,77150000.0,42.03,10400,42.0,400,41.98,400,41.97,300,41.96,200,42.05,500,42.08,100,42.1,600,42.11,300,42.12,100,HOLD
1781661069516,09:51:06,42.19,41.5,42.36,41.0,42.24,1852800.0,77520000.0,42.18,1100,42.17,900,42.16,500,42.15,200,42.12,700,42.2,4300,42.21,200,42.24,100,42.25,400,42.26,1400,HOLD
1781661072514,09:51:09,42.18,41.5,42.36,41.0,42.24,1855100.0,77620000.0,42.18,2200,42.17,900,42.16,400,42.15,200,42.12,700,42.2,4300,42.21,200,42.24,100,42.25,400,42.26,1400,HOLD
1781661075516,09:51:12,42.18,41.5,42.36,41.0,42.24,1857300.0,77710000.0,42.17,900,42.16,400,42.15,200,42.12,700,42.05,600,42.19,800,42.2,6000,42.21,200,42.24,100,42.25,400,HOLD
1781661078517,09:51:15,42.26,41.5,42.36,41.0,42.24,1865600.0,78060000.0,42.24,700,42.22,100,42.21,200,42.2,8600,42.19,200,42.26,700,42.28,400,42.3,29500,42.33,300,42.35,100,HOLD
1781661081517,09:51:18,42.26,41.5,42.36,41.0,42.24,1868000.0,78160000.0,42.24,1900,42.22,100,42.21,200,42.2,8900,42.19,2000,42.26,500,42.28,400,42.3,29500,42.33,300,42.35,100,HOLD
1781661084518,09:51:21,42.26,41.5,42.36,41.0,42.24,1872100.0,78340000.0,42.26,200,42.21,2800,42.2,4200,42.19,100,42.17,900,42.28,400,42.3,29800,42.33,300,42.35,100,42.36,3300,HOLD
1781661087521,09:51:24,42.3,41.5,42.36,41.0,42.24,1882800.0,78790000.0,42.28,1100,42.26,2100,42.22,100,42.21,1100,42.2,2500,42.3,24300,42.33,300,42.35,100,42.36,3300,42.37,2700,HOLD
1781661090522,09:51:27,42.33,41.5,42.36,41.0,42.24,1914400.0,80130000.0,42.33,500,42.31,2600,42.3,1500,42.29,200,42.28,3600,42.37,1600,42.38,2900,42.39,200,42.4,6300,42.42,1000,HOLD
1781661093521,09:51:30,42.37,41.5,42.37,41.0,42.24,1919100.0,80330000.0,42.37,2900,42.33,300,42.32,200,42.31,2400,42.3,900,42.38,2900,42.39,200,42.4,6300,42.42,1000,42.45,500,HOLD
1781661096524,09:51:33,42.38,41.5,42.38,41.0,42.24,1924000.0,80530000.0,42.37,1900,42.33,300,42.31,2400,42.29,600,42.28,1900,42.38,1300,42.39,200,42.4,6300,42.42,1000,42.45,500,HOLD
1781661099524,09:51:36,42.33,41.5,42.38,41.0,42.24,1928300.0,80720000.0,42.33,100,42.31,2400,42.29,600,42.28,1700,42.26,2100,42.37,1500,42.38,500,42.39,200,42.4,7300,42.42,1000,HOLD
1781661102525,09:51:39,42.33,41.5,42.4,41.0,42.24,1936400.0,81060000.0,42.29,600,42.28,1700,42.26,2100,42.24,700,42.22,100,42.33,1700,42.36,100,42.37,300,42.4,4100,42.42,1000,HOLD
1781661105527,09:51:42,42.33,41.5,42.4,41.0,42.24,1942600.0,81320000.0,42.26,2100,42.22,100,42.2,2500,42.17,900,42.16,400,42.33,1200,42.36,100,42.37,100,42.38,100,42.4,4100,HOLD
1781661108529,09:51:45,42.32,41.5,42.4,41.0,42.24,1948900.0,81590000.0,42.27,300,42.22,100,42.2,2200,42.17,900,42.16,400,42.31,100,42.32,500,42.33,5300,42.34,200,42.35,100,HOLD
1781661111530,09:51:48,42.33,41.5,42.4,41.0,42.24,1950900.0,81670000.0,42.27,800,42.26,600,42.23,300,42.22,2400,42.2,2200,42.31,500,42.33,4900,42.34,200,42.35,100,42.37,600,HOLD
1781661114531,09:51:51,42.33,41.5,42.4,41.0,42.24,1953200.0,81770000.0,42.31,300,42.28,200,42.27,500,42.26,700,42.23,300,42.33,3500,42.34,200,42.35,100,42.37,600,42.38,1100,HOLD
1781661117532,09:51:54,42.31,41.5,42.4,41.0,42.24,1956100.0,81890000.0,42.31,2300,42.27,1500,42.26,700,42.23,300,42.22,3100,42.32,1700,42.33,2100,42.34,200,42.35,100,42.37,600,HOLD
1781661120533,09:51:57,42.35,41.5,42.4,41.0,42.24,1964000.0,82230000.0,42.35,200,42.34,600,42.33,8800,42.32,400,42.31,9600,42.37,600,42.38,1100,42.4,4600,42.42,1000,42.45,600,HOLD
1781661123534,09:52:00,42.35,41.5,42.4,41.0,42.24,1965400.0,82290000.0,42.36,200,42.34,400,42.33,9900,42.31,9600,42.27,700,42.37,1000,42.38,1100,42.4,4600,42.42,1000,42.45,600,HOLD
1781661126536,09:52:03,42.35,41.5,42.4,41.0,42.24,1966000.0,82310000.0,42.34,100,42.33,4900,42.32,1400,42.31,9900,42.27,700,42.35,500,42.36,1700,42.37,800,42.38,1100,42.4,4600,HOLD
1781661129540,09:52:06,42.33,41.5,42.4,41.0,42.24,1974800.0,82680000.0,42.32,700,42.31,9900,42.27,700,42.23,300,42.22,1400,42.33,1600,42.34,1000,42.35,1200,42.36,2900,42.37,400,HOLD
1781661135538,09:52:12,42.32,41.5,42.4,41.0,42.24,1978300.0,82830000.0,42.33,500,42.31,11200,42.3,1300,42.27,700,42.23,300,42.34,2000,42.35,1300,42.36,2500,42.37,400,42.38,1100,HOLD
1781661138539,09:52:15,42.31,41.5,42.4,41.0,42.24,1986800.0,83190000.0,42.31,4300,42.3,1300,42.27,700,42.23,300,42.22,1300,42.32,1200,42.33,4000,42.34,2100,42.35,1300,42.36,2200,HOLD
1781661141541,09:52:18,42.3,41.5,42.4,41.0,42.24,1996100.0,83590000.0,42.27,700,42.22,1300,42.2,2200,42.18,700,42.16,200,42.3,200,42.31,400,42.32,1100,42.33,8600,42.34,2100,HOLD
1781661144541,09:52:21,42.27,41.5,42.4,41.0,42.24,2000900.0,83790000.0,42.23,200,42.22,1300,42.2,2200,42.18,700,42.05,600,42.27,300,42.3,5000,42.31,800,42.32,200,42.33,5700,HOLD
1781661147542,09:52:24,42.22,41.5,42.4,41.0,42.24,2003400.0,83890000.0,42.21,100,42.2,2200,42.18,700,42.05,600,42.03,8100,42.23,200,42.29,400,42.3,5000,42.31,800,42.32,400,HOLD
1781661150545,09:52:27,42.23,41.5,42.4,41.0,42.24,2003600.0,83900000.0,42.26,100,42.24,600,42.23,2200,42.22,300,42.2,2200,42.27,600,42.29,400,42.3,100,42.31,100,42.32,400,HOLD
1781661153545,09:52:30,42.24,41.5,42.4,41.0,42.24,2007100.0,84050000.0,42.23,1900,42.22,300,42.2,2200,42.18,700,42.05,600,42.25,1100,42.26,1600,42.27,600,42.29,400,42.3,100,HOLD
1781661156545,09:52:33,42.26,41.5,42.4,41.0,42.24,2009600.0,84160000.0,42.24,200,42.23,5100,42.22,300,42.2,2200,42.18,700,42.26,1500,42.27,600,42.29,400,42.3,100,42.31,100,HOLD
1781661159547,09:52:36,42.24,41.5,42.4,41.0,42.24,2012700.0,84290000.0,42.23,4000,42.22,300,42.2,2300,42.18,700,42.05,600,42.24,6000,42.26,100,42.27,600,42.29,400,42.3,100,HOLD
1781661162548,09:52:39,42.3,41.5,42.4,41.0,42.24,2021400.0,84650000.0,42.23,4000,42.21,100,42.2,2400,42.18,700,42.05,600,42.3,1400,42.31,100,42.32,400,42.33,5700,42.34,500,HOLD
1781661165551,09:52:42,42.3,41.5,42.4,41.0,42.24,2023400.0,84740000.0,42.25,100,42.24,300,42.23,2900,42.22,400,42.21,100,42.3,1600,42.31,100,42.32,400,42.33,5700,42.34,500,HOLD
1781661168553,09:52:45,42.36,41.5,42.4,41.0,42.24,2048300.0,85790000.0,42.36,1800,42.35,2000,42.33,6100,42.32,700,42.31,300,42.4,6000,42.41,200,42.42,1000,42.45,1700,42.48,3500,HOLD
1781661171555,09:52:48,42.4,41.5,42.4,41.0,42.24,2051600.0,85930000.0,42.36,400,42.35,600,42.34,200,42.33,6100,42.31,200,42.4,6500,42.41,200,42.42,1000,42.45,1700,42.48,3500,HOLD
1781661174557,09:52:51,42.42,41.5,42.42,41.0,42.24,2083300.0,87280000.0,42.41,8500,42.4,100,42.38,300,42.37,2800,42.36,25600,42.45,1700,42.48,3500,42.5,8700,42.55,200,42.56,100,HOLD
1781661177559,09:52:54,42.4,41.5,42.45,41.0,42.24,2096900.0,87850000.0,42.38,2600,42.37,2900,42.36,24800,42.35,600,42.34,200,42.4,4200,42.45,1100,42.48,3500,42.5,8700,42.55,200,HOLD
1781661180561,09:52:57,42.37,41.5,42.45,41.0,42.24,2103300.0,88120000.0,42.36,23100,42.35,600,42.34,200,42.33,5700,42.3,3300,42.37,600,42.4,5200,42.45,800,42.48,3500,42.5,7800,HOLD
1781661183562,09:53:00,42.37,41.5,42.45,41.0,42.24,2108500.0,88340000.0,42.36,22700,42.35,600,42.34,200,42.33,5700,42.3,3300,42.37,500,42.38,100,42.4,3100,42.42,200,42.45,1800,HOLD
1781661186563,09:53:03,42.37,41.5,42.45,41.0,42.24,2109100.0,88370000.0,42.37,1500,42.36,22600,42.35,600,42.34,200,42.33,5700,42.38,100,42.4,200,42.42,100,42.45,1800,42.48,3500,HOLD
1781661192570,09:53:06,42.4,41.5,42.45,41.0,42.24,2109300.0,88380000.0,42.38,1000,42.37,2300,42.35,600,42.34,200,42.33,5700,42.39,100,42.4,100,42.42,100,42.45,1800,42.48,3500,HOLD
1781661190060,09:53:09,42.38,41.5,42.45,41.0,42.24,2110100.0,88410000.0,42.38,600,42.37,4000,42.35,600,42.34,200,42.33,5700,42.4,100,42.42,100,42.45,800,42.48,3500,42.5,7800,HOLD
1781661195566,09:53:12,42.38,41.5,42.45,41.0,42.24,2113700.0,88560000.0,42.37,4000,42.35,600,42.34,200,42.33,5700,42.3,4200,42.38,5900,42.4,3300,42.42,100,42.45,800,42.48,3500,HOLD
1781661196072,09:53:15,42.38,41.5,42.45,41.0,42.24,2114500.0,88600000.0,42.37,3000,42.35,600,42.34,200,42.33,5700,42.3,4200,42.38,7600,42.4,3200,42.42,100,42.45,800,42.48,3500,HOLD
1781661201568,09:53:18,42.37,41.5,42.45,41.0,42.24,2115500.0,88640000.0,42.37,2800,42.36,100,42.35,600,42.34,200,42.33,5700,42.38,6700,42.4,3200,42.41,200,42.42,100,42.45,1100,HOLD
1781661204569,09:53:21,42.38,41.5,42.45,41.0,42.24,2116800.0,88700000.0,42.37,2800,42.36,100,42.33,5700,42.3,2100,42.28,10000,42.38,6300,42.4,3700,42.41,200,42.42,100,42.45,1100,HOLD
1781661207571,09:53:24,42.38,41.5,42.45,41.0,42.24,2117900.0,88740000.0,42.37,4600,42.36,100,42.33,5700,42.3,2100,42.28,10000,42.38,6000,42.4,3700,42.41,200,42.42,100,42.45,1100,HOLD
1781661210579,09:53:27,42.38,41.5,42.45,41.0,42.24,2121100.0,88880000.0,42.37,13400,42.36,100,42.33,5700,42.3,2100,42.28,10000,42.38,3800,42.4,3700,42.41,200,42.42,100,42.45,1100,HOLD
1781661213579,09:53:30,42.37,41.5,42.45,41.0,42.24,2125600.0,89070000.0,42.37,14200,42.36,100,42.33,5700,42.32,700,42.3,2100,42.4,3700,42.41,200,42.42,100,42.45,1100,42.46,200,HOLD
1781661216580,09:53:33,42.4,41.5,42.45,41.0,42.24,2126000.0,89090000.0,42.37,13900,42.36,100,42.33,5700,42.32,700,42.3,2100,42.4,5300,42.41,200,42.42,100,42.45,1100,42.46,200,HOLD
1781661219581,09:53:36,42.4,41.5,42.45,41.0,42.24,2126200.0,89090000.0,42.38,100,42.37,13900,42.36,100,42.33,5700,42.32,700,42.4,5300,42.41,200,42.42,100,42.45,1100,42.46,200,HOLD
1781661222582,09:53:39,42.36,41.5,42.45,41.0,42.24,2140500.0,89700000.0,42.33,5700,42.3,2100,42.28,10200,42.26,600,42.25,200,42.37,1500,42.38,1600,42.39,2100,42.4,5400,42.41,200,HOLD
1781661225587,09:53:42,42.33,41.5,42.45,41.0,42.24,2142000.0,89760000.0,42.34,100,42.33,4300,42.3,2100,42.28,10200,42.26,600,42.37,13200,42.38,900,42.39,2100,42.4,3800,42.41,200,HOLD
1781661228585,09:53:45,42.37,41.5,42.45,41.0,42.24,2142100.0,89770000.0,42.35,200,42.34,100,42.33,4300,42.3,2100,42.28,10000,42.37,13400,42.38,900,42.39,2100,42.4,3800,42.41,200,HOLD
1781661231586,09:53:48,42.45,41.5,42.45,41.0,42.24,2164400.0,90710000.0,42.43,1600,42.4,4500,42.39,400,42.37,43700,42.35,200,42.45,400,42.46,200,42.48,3500,42.5,9400,42.52,300,HOLD
1781661234587,09:53:51,42.5,41.5,42.5,41.0,42.24,2168900.0,90900000.0,42.49,300,42.48,200,42.46,2500,42.45,800,42.44,800,42.5,9000,42.52,300,42.55,200,42.56,100,42.58,800,HOLD
1781661237588,09:53:54,42.44,41.5,42.5,41.0,42.24,2180300.0,91390000.0,42.46,500,42.45,300,42.44,300,42.43,1600,42.4,900,42.5,4100,42.51,200,42.52,300,42.55,200,42.56,100,HOLD
1781661240591,09:53:57,42.5,41.5,42.5,41.0,42.24,2182300.0,91470000.0,42.46,400,42.45,600,42.44,300,42.43,1600,42.4,900,42.5,6400,42.51,200,42.52,300,42.55,200,42.56,100,HOLD
1781661243593,09:54:00,42.45,41.5,42.5,41.0,42.24,2183900.0,91540000.0,42.45,300,42.43,800,42.4,1900,42.39,300,42.37,49800,42.48,900,42.49,300,42.5,5400,42.51,200,42.52,1100,HOLD
1781661246594,09:54:03,42.4,41.5,42.5,41.0,42.24,2184300.0,91560000.0,42.4,1100,42.39,300,42.37,49800,42.34,200,42.33,6700,42.42,200,42.43,500,42.44,200,42.45,1400,42.48,5600,HOLD
1781661247205,09:54:06,42.4,41.5,42.5,41.0,42.24,2190000.0,91800000.0,42.4,100,42.39,300,42.37,46800,42.34,200,42.33,6700,42.42,3300,42.48,100,42.49,300,42.5,2900,42.51,200,HOLD
1781661252600,09:54:09,42.42,41.5,42.5,41.0,42.24,2192200.0,91890000.0,42.4,100,42.39,7200,42.37,46800,42.34,200,42.33,6700,42.41,100,42.42,3300,42.43,100,42.49,700,42.5,2800,HOLD
1781661255583,09:54:12,42.4,41.5,42.5,41.0,42.24,2192700.0,91910000.0,42.4,900,42.39,1300,42.37,46800,42.34,200,42.33,6700,42.41,100,42.42,1500,42.43,100,42.45,1100,42.46,1000,HOLD
1781661258585,09:54:15,42.4,41.5,42.5,41.0,42.24,2192900.0,91920000.0,42.41,3000,42.4,1200,42.39,300,42.37,46800,42.34,200,42.42,1500,42.45,1100,42.46,1000,42.49,700,42.5,2800,HOLD
1781661261586,09:54:18,42.4,41.5,42.5,41.0,42.24,2196500.0,92080000.0,42.4,1800,42.39,300,42.37,46800,42.33,6700,42.32,700,42.41,100,42.42,4600,42.45,1400,42.46,1000,42.48,700,HOLD
1781661264586,09:54:21,42.41,41.5,42.5,41.0,42.24,2197700.0,92130000.0,42.4,2200,42.39,300,42.37,46800,42.33,6700,42.32,700,42.41,4700,42.42,800,42.45,1800,42.46,1000,42.48,700,HOLD
1781661267587,09:54:24,42.37,41.5,42.5,41.0,42.24,2248900.0,94300000.0,42.33,4600,42.3,300,42.28,200,42.25,100,42.24,300,42.37,9000,42.38,1900,42.39,100,42.4,1500,42.41,4800,HOLD
1781661270589,09:54:27,42.33,41.5,42.5,41.0,42.24,2254100.0,94520000.0,42.3,300,42.28,200,42.25,100,42.24,300,42.23,4500,42.33,600,42.36,1200,42.37,33600,42.38,1900,42.39,100,HOLD
1781661273592,09:54:30,42.3,41.5,42.5,41.0,42.24,2255400.0,94570000.0,42.28,200,42.25,100,42.24,300,42.23,4500,42.21,100,42.32,100,42.33,200,42.36,200,42.37,16200,42.38,1900,HOLD
1781661276592,09:54:33,42.28,41.5,42.5,41.0,42.24,2255600.0,94580000.0,42.24,300,42.23,4500,42.21,100,42.2,16300,42.18,700,42.31,300,42.32,27100,42.33,200,42.36,200,42.37,5500,HOLD
1781661282595,09:54:36,42.28,41.5,42.5,41.0,42.24,2255700.0,94580000.0,42.28,100,42.24,300,42.23,4500,42.21,100,42.2,16300,42.3,500,42.31,25600,42.32,200,42.33,200,42.36,200,HOLD
1781661280302,09:54:39,42.24,41.5,42.5,41.0,42.24,2257400.0,94660000.0,42.23,4500,42.21,100,42.2,16300,42.18,700,42.16,200,42.24,3400,42.28,1000,42.3,29200,42.31,100,42.32,200,HOLD
1781661285595,09:54:42,42.24,41.5,42.5,41.0,42.24,2269400.0,95160000.0,42.23,4200,42.21,100,42.2,16300,42.18,700,42.16,200,42.24,19400,42.28,1000,42.3,2100,42.31,100,42.32,200,HOLD
1781661288596,09:54:45,42.23,41.5,42.5,41.0,42.24,2271400.0,95250000.0,42.23,2500,42.21,100,42.2,16300,42.18,700,42.16,200,42.24,19300,42.28,100,42.29,500,42.3,2100,42.31,100,HOLD
1781661291597,09:54:48,42.23,41.5,42.5,41.0,42.24,2274100.0,95360000.0,42.23,600,42.21,100,42.2,16300,42.18,700,42.16,200,42.24,20000,42.28,100,42.29,500,42.31,100,42.32,200,HOLD
1781661294599,09:54:51,42.22,41.5,42.5,41.0,42.24,2275900.0,95440000.0,42.2,16300,42.18,700,42.16,200,42.05,600,42.03,8100,42.22,600,42.23,4000,42.24,19000,42.28,100,42.29,500,HOLD
1781661297599,09:54:54,42.22,41.5,42.5,41.0,42.24,2287600.0,95930000.0,42.2,15900,42.19,800,42.18,700,42.16,200,42.05,600,42.22,13800,42.23,500,42.28,100,42.29,500,42.31,100,HOLD
1781661300601,09:54:57,42.22,41.5,42.5,41.0,42.24,2298100.0,96370000.0,42.21,500,42.2,15800,42.19,800,42.18,700,42.16,900,42.22,4300,42.23,500,42.28,100,42.29,500,42.31,100,HOLD
1781661303602,09:55:00,42.23,41.5,42.5,41.0,42.24,2305500.0,96690000.0,42.22,700,42.21,800,42.2,15800,42.19,800,42.18,700,42.28,100,42.29,500,42.3,100,42.31,100,42.32,100,HOLD
1781661306603,09:55:03,42.23,41.5,42.5,41.0,42.24,2307400.0,96770000.0,42.23,100,42.22,700,42.21,1000,42.2,15800,42.19,800,42.28,100,42.29,500,42.3,100,42.32,100,42.36,100,HOLD
1781661309605,09:55:06,42.25,41.5,42.5,41.0,42.24,2307900.0,96790000.0,42.24,1000,42.23,2000,42.22,600,42.21,800,42.2,15800,42.27,200,42.28,800,42.29,500,42.3,100,42.32,100,HOLD
1781661312613,09:55:09,42.26,41.5,42.5,41.0,42.24,2308000.0,96790000.0,42.26,500,42.24,1000,42.23,1600,42.22,800,42.21,800,42.27,1100,42.28,100,42.29,500,42.3,100,42.32,100,HOLD
1781661315609,09:55:12,42.27,41.5,42.5,41.0,42.24,2308900.0,96830000.0,42.26,100,42.24,1000,42.23,2000,42.22,800,42.21,800,42.27,500,42.28,100,42.29,500,42.3,100,42.32,100,HOLD
1781661318612,09:55:15,42.26,41.5,42.5,41.0,42.24,2309500.0,96860000.0,42.25,400,42.24,3600,42.23,2000,42.22,800,42.21,800,42.26,4500,42.27,400,42.28,100,42.29,500,42.3,100,HOLD
1781661321612,09:55:18,42.26,41.5,42.5,41.0,42.24,2312500.0,96980000.0,42.25,500,42.24,3600,42.23,2000,42.22,800,42.21,800,42.26,2500,42.27,1300,42.28,100,42.29,500,42.3,100,HOLD
1781661324615,09:55:21,42.27,41.5,42.5,41.0,42.24,2316100.0,97140000.0,42.26,2600,42.25,500,42.24,3600,42.23,2000,42.22,800,42.27,200,42.28,100,42.29,500,42.3,100,42.32,100,HOLD
1781661327614,09:55:24,42.27,41.5,42.5,41.0,42.24,2316700.0,97160000.0,42.26,2700,42.25,500,42.24,3600,42.23,2000,42.22,900,42.27,2000,42.28,100,42.3,100,42.32,100,42.36,100,HOLD
1781661330616,09:55:27,42.28,41.5,42.5,41.0,42.24,2318900.0,97250000.0,42.28,6200,42.27,200,42.26,7700,42.25,500,42.24,4300,42.3,100,42.36,100,42.39,100,42.4,1100,42.41,100,HOLD
1781661333629,09:55:30,42.3,41.5,42.5,41.0,42.24,2319500.0,97280000.0,42.31,1600,42.3,1500,42.29,200,42.28,6100,42.27,300,42.36,100,42.39,100,42.4,1100,42.41,100,42.42,1600,HOLD
1781661336618,09:55:33,42.34,41.5,42.5,41.0,42.24,2319600.0,97280000.0,42.34,200,42.31,1600,42.3,2400,42.29,500,42.28,6100,42.36,400,42.39,100,42.4,1100,42.41,100,42.42,1600,HOLD
1781661339625,09:55:36,42.26,41.5,42.5,41.0,42.24,2334600.0,97920000.0,42.26,3700,42.24,1000,42.23,2000,42.22,900,42.21,600,42.27,8500,42.28,7000,42.29,700,42.3,1600,42.31,300,HOLD
1781661340455,09:55:39,42.26,41.5,42.5,41.0,42.24,2338700.0,98090000.0,42.24,1000,42.23,700,42.22,800,42.21,600,42.2,17000,42.26,1200,42.27,10600,42.28,7000,42.29,700,42.3,1600,HOLD
1781661345624,09:55:42,42.26,41.5,42.5,41.0,42.24,2341700.0,98220000.0,42.24,1000,42.23,700,42.22,800,42.21,600,42.2,17000,42.26,14000,42.27,3800,42.28,7000,42.29,200,42.3,1600,HOLD
1781661348623,09:55:45,42.26,41.5,42.5,41.0,42.24,2345100.0,98360000.0,42.24,400,42.23,700,42.22,800,42.21,600,42.2,17000,42.26,12200,42.27,3800,42.28,7000,42.29,200,42.3,1600,HOLD
1781661351627,09:55:48,42.23,41.5,42.5,41.0,42.24,2346400.0,98420000.0,42.22,800,42.21,600,42.2,17100,42.19,800,42.18,2700,42.23,200,42.26,12500,42.27,3800,42.28,7000,42.3,1400,HOLD
1781661354627,09:55:51,42.23,41.5,42.5,41.0,42.24,2346600.0,98420000.0,42.22,800,42.21,600,42.2,17100,42.19,800,42.18,2700,42.23,5300,42.26,7900,42.27,3800,42.28,7000,42.3,1400,HOLD
1781661357628,09:55:54,42.22,41.5,42.5,41.0,42.24,2347100.0,98450000.0,42.22,400,42.21,1100,42.2,17900,42.19,800,42.18,2700,42.23,5500,42.26,7900,42.27,3800,42.28,7000,42.3,1400,HOLD
1781661360629,09:55:57,42.23,41.5,42.5,41.0,42.24,2348100.0,98490000.0,42.22,700,42.21,700,42.2,17900,42.19,800,42.18,2700,42.23,4500,42.26,7900,42.27,3800,42.28,7000,42.3,1400,HOLD
1781661363631,09:56:00,42.23,41.5,42.5,41.0,42.24,2349300.0,98540000.0,42.21,700,42.2,17900,42.19,800,42.18,2900,42.17,100,42.23,4100,42.26,7900,42.27,3800,42.28,7000,42.3,1400,HOLD
1781661366617,09:56:03,42.23,41.5,42.5,41.0,42.24,2353000.0,98690000.0,42.22,600,42.21,800,42.2,17900,42.19,800,42.18,2900,42.23,600,42.26,7900,42.27,3800,42.28,7000,42.3,1400,HOLD
1781661369618,09:56:06,42.24,41.5,42.5,41.0,42.24,2355900.0,98820000.0,42.25,400,42.24,1400,42.23,1400,42.22,500,42.21,800,42.26,7100,42.27,200,42.3,1400,42.31,100,42.32,700,HOLD
1781661372627,09:56:09,42.23,41.5,42.5,41.0,42.24,2359200.0,98960000.0,42.22,500,42.21,800,42.2,18600,42.19,800,42.18,2800,42.25,1200,42.26,7100,42.27,200,42.3,1500,42.31,100,HOLD
1781661375621,09:56:12,42.17,41.5,42.5,41.0,42.24,2381300.0,99890000.0,42.16,200,42.07,100,42.05,900,42.03,8100,42.01,300,42.19,600,42.2,10200,42.21,400,42.22,400,42.24,700,HOLD
1781661378622,09:56:15,42.19,41.5,42.5,41.0,42.24,2393400.0,100400000.0,42.14,100,42.08,900,42.07,100,42.05,900,42.03,8100,42.19,10100,42.2,700,42.22,400,42.24,700,42.25,900,HOLD
1781661381623,09:56:18,42.19,41.5,42.5,41.0,42.24,2393900.0,100420000.0,42.15,100,42.14,100,42.13,100,42.11,200,42.08,900,42.19,13800,42.2,700,42.22,1500,42.24,700,42.25,2500,HOLD
1781661384623,09:56:21,42.19,41.5,42.5,41.0,42.24,2393900.0,100420000.0,42.17,200,42.15,100,42.14,100,42.13,100,42.11,200,42.19,13900,42.22,1500,42.24,700,42.25,2500,42.26,7100,HOLD
1781661387623,09:56:24,42.19,41.5,42.5,41.0,42.24,2393900.0,100420000.0,42.17,600,42.15,100,42.14,100,42.13,100,42.11,200,42.19,13900,42.22,1500,42.24,700,42.25,2700,42.26,7100,HOLD
1781661390625,09:56:27,42.19,41.5,42.5,41.0,42.24,2394000.0,100430000.0,42.17,600,42.15,100,42.14,100,42.13,100,42.11,200,42.19,13800,42.22,1500,42.24,700,42.25,2700,42.26,7100,HOLD
1781661393627,09:56:30,42.17,41.5,42.5,41.0,42.24,2395500.0,100490000.0,42.17,200,42.16,300,42.14,100,42.13,100,42.11,200,42.19,13200,42.22,1500,42.24,700,42.25,2300,42.26,7000,HOLD
1781661396627,09:56:33,42.17,41.5,42.5,41.0,42.24,2395800.0,100500000.0,42.16,300,42.14,100,42.13,100,42.11,200,42.08,900,42.17,600,42.19,13200,42.22,1100,42.24,700,42.25,1900,HOLD
1781661399629,09:56:36,42.14,41.5,42.5,41.0,42.24,2397200.0,100560000.0,42.13,100,42.11,200,42.08,900,42.07,100,42.05,900,42.14,900,42.17,13300,42.18,500,42.22,1100,42.24,700,HOLD
1781661402630,09:56:39,42.13,41.5,42.5,41.0,42.24,2398600.0,100620000.0,42.11,200,42.08,900,42.07,100,42.05,900,42.03,8100,42.14,13400,42.18,500,42.22,1100,42.24,700,42.25,1900,HOLD
1781661405630,09:56:42,42.18,41.5,42.5,41.0,42.24,2423200.0,101660000.0,42.19,300,42.18,400,42.14,5900,42.12,700,42.11,800,42.21,300,42.22,1100,42.24,700,42.25,1900,42.26,1300,HOLD
1781661408632,09:56:45,42.19,41.5,42.5,41.0,42.24,2429000.0,101900000.0,42.14,2300,42.12,700,42.11,800,42.1,1100,42.09,200,42.21,200,42.22,1100,42.24,700,42.25,1900,42.26,1300,HOLD
1781661411633,09:56:48,42.2,41.5,42.5,41.0,42.24,2429200.0,101910000.0,42.16,500,42.15,200,42.14,400,42.13,100,42.12,700,42.2,300,42.21,7700,42.22,1100,42.24,700,42.25,1900,HOLD
1781661414633,09:56:51,42.2,41.5,42.5,41.0,42.24,2429200.0,101910000.0,42.16,500,42.15,200,42.14,400,42.13,100,42.12,700,42.19,200,42.2,300,42.21,600,42.22,1100,42.24,700,HOLD
1781661417634,09:56:54,42.2,41.5,42.5,41.0,42.24,2430000.0,101940000.0,42.2,700,42.16,500,42.15,100,42.14,400,42.13,100,42.21,400,42.22,1100,42.25,1900,42.26,1300,42.27,200,HOLD
1781661420636,09:56:57,42.2,41.5,42.5,41.0,42.24,2430100.0,101950000.0,42.2,3100,42.16,500,42.15,100,42.14,400,42.13,100,42.21,400,42.22,1100,42.25,1900,42.26,1300,42.27,200,HOLD
1781661423638,09:57:00,42.2,41.5,42.5,41.0,42.24,2430100.0,101950000.0,42.2,2900,42.16,500,42.15,100,42.14,400,42.13,100,42.21,400,42.25,1900,42.26,1000,42.27,200,42.3,100,HOLD
1781661426639,09:57:03,42.2,41.5,42.5,41.0,42.24,2431100.0,101990000.0,42.21,1000,42.2,2600,42.16,500,42.15,100,42.14,400,42.24,100,42.25,1900,42.26,1000,42.27,200,42.3,100,HOLD
1781661429640,09:57:06,42.23,41.5,42.5,41.0,42.24,2431800.0,102020000.0,42.21,800,42.2,2600,42.16,500,42.15,100,42.14,400,42.23,100,42.24,100,42.25,300,42.26,1000,42.27,200,HOLD
1781661430711,09:57:09,42.24,41.5,42.5,41.0,42.24,2432400.0,102040000.0,42.24,900,42.21,600,42.2,2400,42.16,500,42.15,100,42.25,300,42.26,1000,42.27,200,42.3,100,42.34,1200,HOLD
1781661435646,09:57:12,42.24,41.5,42.5,41.0,42.24,2432600.0,102050000.0,42.24,800,42.21,600,42.2,2400,42.19,1200,42.16,500,42.25,400,42.26,1000,42.27,200,42.3,100,42.34,1200,HOLD
1781661438647,09:57:15,42.24,41.5,42.5,41.0,42.24,2433500.0,102090000.0,42.21,500,42.2,2400,42.19,1500,42.16,500,42.15,100,42.23,100,42.24,300,42.25,400,42.26,1000,42.27,200,HOLD
1781661441644,09:57:18,42.19,41.5,42.5,41.0,42.24,2443500.0,102510000.0,42.17,1300,42.16,500,42.15,200,42.14,1000,42.13,100,42.19,300,42.21,700,42.23,600,42.26,1000,42.27,200,HOLD
1781661444647,09:57:21,42.16,41.5,42.5,41.0,42.24,2450500.0,102810000.0,42.15,200,42.14,1000,42.13,100,42.11,500,42.1,1100,42.16,700,42.17,2000,42.21,2100,42.22,1200,42.23,1400,HOLD
1781661447646,09:57:24,42.18,41.5,42.5,41.0,42.24,2457400.0,103100000.0,42.18,4300,42.16,700,42.15,200,42.14,2000,42.13,100,42.23,700,42.24,1400,42.25,21800,42.26,1000,42.27,200,HOLD
1781661450646,09:57:27,42.14,41.5,42.5,41.0,42.24,2463800.0,103370000.0,42.13,100,42.11,500,42.1,1100,42.09,200,42.08,1800,42.18,4900,42.2,1600,42.22,700,42.23,700,42.24,1400,HOLD
1781661453648,09:57:30,42.11,41.5,42.5,41.0,42.24,2464500.0,103400000.0,42.1,500,42.09,200,42.08,1800,42.07,100,42.05,800,42.13,600,42.14,100,42.16,200,42.18,1300,42.2,1600,HOLD
1781661456649,09:57:33,42.1,41.5,42.5,41.0,42.24,2465700.0,103450000.0,42.08,400,42.07,100,42.05,700,42.03,8100,42.01,300,42.09,200,42.1,600,42.13,400,42.14,200,42.18,300,HOLD
1781661459650,09:57:36,42.07,41.5,42.5,41.0,42.24,2467300.0,103520000.0,42.05,700,42.03,8100,42.01,300,42.0,9500,41.99,100,42.07,300,42.11,100,42.13,700,42.14,100,42.18,200,HOLD
1781661462652,09:57:39,42.07,41.5,42.5,41.0,42.24,2468400.0,103560000.0,42.05,100,42.04,2000,42.03,8100,42.01,300,42.0,9500,42.07,300,42.09,200,42.1,100,42.11,100,42.13,600,HOLD
1781661465653,09:57:42,42.07,41.5,42.5,41.0,42.24,2468400.0,103560000.0,42.06,200,42.05,100,42.04,2000,42.03,8100,42.01,400,42.07,300,42.09,200,42.1,100,42.11,100,42.13,400,HOLD
1781661466812,09:57:45,42.04,41.5,42.5,41.0,42.24,2471500.0,103690000.0,42.05,200,42.04,300,42.03,8100,42.01,400,42.0,9100,42.06,100,42.07,200,42.09,200,42.1,100,42.11,100,HOLD
1781661471656,09:57:48,42.04,41.5,42.5,41.0,42.24,2472000.0,103710000.0,42.03,8100,42.01,400,42.0,9000,41.99,100,41.98,400,42.04,100,42.05,500,42.06,400,42.09,200,42.1,100,HOLD
1781661474658,09:57:51,42.03,41.5,42.5,41.0,42.24,2475100.0,103840000.0,42.03,5600,42.01,500,42.0,9000,41.99,100,41.98,400,42.05,800,42.06,400,42.09,200,42.1,100,42.11,100,HOLD
1781661477659,09:57:54,42.09,41.5,42.5,41.0,42.24,2477800.0,103960000.0,42.05,200,42.04,1300,42.03,4500,42.01,500,42.0,9100,42.1,100,42.11,100,42.13,100,42.14,100,42.18,200,HOLD
1781661480661,09:57:57,42.05,41.5,42.5,41.0,42.24,2478100.0,103970000.0,42.05,500,42.04,1300,42.03,4500,42.01,500,42.0,9600,42.1,100,42.11,100,42.13,100,42.14,100,42.18,200,HOLD
1781661483662,09:58:00,42.14,41.5,42.5,41.0,42.24,2478800.0,104000000.0,42.1,300,42.07,300,42.06,4100,42.05,6000,42.04,800,42.18,200,42.22,100,42.24,200,42.25,4000,42.26,1000,HOLD
