local_time_ms,server_time,price,open,high,low,prev_close,cum_volume,cum_amount,bp1,bv1,bp2,bv2,bp3,bv3,bp4,bv4,bp5,bv5,sp1,sv1,sp2,sv2,sp3,sv3,sp4,sv4,sp5,sv5,signal
1780450196483,09:29:45,46.85,46.85,46.85,46.85,46.0,15600.0,730000.0,46.81,1700,46.8,2100,46.69,100,46.66,500,46.6,15300,46.85,700,46.88,800,46.9,200,46.95,200,46.96,100,HOLD
1780450202503,09:30:00,46.84,46.85,47.0,46.81,46.0,71100.0,3330000.0,46.81,800,46.66,500,46.6,15000,46.5,300,46.35,300,46.82,2600,46.84,200,46.88,100,47.0,800,47.07,100,HOLD
1780450208521,09:30:06,46.61,46.85,47.0,46.48,46.0,135000.0,6320000.0,46.48,24700,46.33,300,46.3,1100,46.29,400,46.28,500,46.61,17400,46.63,1400,46.64,1300,46.65,1000,46.75,200,HOLD
1780450214535,09:30:09,46.39,46.85,47.0,46.39,46.0,160700.0,7510000.0,46.33,300,46.3,1100,46.29,400,46.28,500,46.26,400,46.36,10600,46.38,1800,46.39,100,46.41,100,46.45,300,HOLD
1780450217537,09:30:15,46.39,46.85,47.0,46.21,46.0,219100.0,10220000.0,46.43,4100,46.38,21000,46.37,200,46.36,300,46.2,900,46.46,1100,46.48,22200,46.59,1400,46.6,10800,46.61,21300,HOLD
1780450220542,09:30:18,46.46,46.85,47.0,46.21,46.0,272300.0,12690000.0,46.46,1100,46.38,12600,46.37,200,46.36,100,46.2,900,46.59,700,46.6,10800,46.61,17900,46.64,1300,46.65,300,HOLD
1780450223554,09:30:21,46.38,46.85,47.0,46.21,46.0,277800.0,12940000.0,46.38,7300,46.37,200,46.36,100,46.2,900,46.18,200,46.39,700,46.43,700,46.45,1900,46.46,6700,46.54,400,HOLD
1780450226558,09:30:24,46.32,46.85,47.0,46.21,46.0,285800.0,13310000.0,46.2,900,46.18,200,46.14,3000,46.13,1000,46.1,1600,46.27,1500,46.32,2900,46.35,300,46.37,300,46.38,11900,HOLD
1780450229558,09:30:27,46.18,46.85,47.0,46.18,46.0,288700.0,13450000.0,46.14,3000,46.13,1000,46.1,1600,46.07,500,46.06,100,46.32,1600,46.33,200,46.36,300,46.37,300,46.38,2100,HOLD
1780450232570,09:30:30,46.31,46.85,47.0,46.16,46.0,290200.0,13520000.0,46.27,100,46.16,400,46.15,300,46.14,5600,46.13,1000,46.31,400,46.32,100,46.33,300,46.36,300,46.37,300,HOLD
1780450235587,09:30:33,46.31,46.85,47.0,46.16,46.0,300000.0,13970000.0,46.31,300,46.18,1100,46.16,900,46.15,300,46.14,5900,46.33,100,46.36,300,46.37,300,46.38,2100,46.39,200,HOLD
1780450241598,09:30:36,46.31,46.85,47.0,46.16,46.0,305600.0,14230000.0,46.2,300,46.18,800,46.16,900,46.15,3200,46.14,6000,46.31,1800,46.36,300,46.38,2100,46.39,200,46.42,100,HOLD
1780450244608,09:30:42,46.13,46.85,47.0,46.13,46.0,318700.0,14830000.0,46.13,700,46.1,1600,46.07,500,46.06,100,46.05,100,46.14,3700,46.15,2400,46.16,7000,46.17,900,46.18,6000,HOLD
1780450247621,09:30:45,46.1,46.85,47.0,46.07,46.0,322900.0,15030000.0,46.07,400,46.06,100,46.05,100,46.03,800,46.01,500,46.13,8700,46.14,3800,46.15,2400,46.16,600,46.17,900,HOLD
1780450250623,09:30:48,46.06,46.85,47.0,46.01,46.0,325200.0,15130000.0,46.01,100,46.0,4900,45.98,200,45.95,100,45.94,100,46.06,100,46.07,300,46.1,200,46.12,700,46.13,7900,HOLD
1780450256644,09:30:54,46.0,46.85,47.0,46.0,46.0,329700.0,15340000.0,46.0,1100,45.98,400,45.95,100,45.94,100,45.92,300,46.06,300,46.07,2500,46.08,300,46.1,200,46.11,100,HOLD
1780450262649,09:30:57,45.98,46.85,47.0,45.98,46.0,332600.0,15470000.0,45.95,100,45.94,100,45.92,400,45.9,7200,45.89,400,45.98,1800,46.0,1000,46.01,500,46.06,300,46.07,1700,HOLD
1780450265650,09:31:00,45.92,46.85,47.0,45.9,46.0,335700.0,15620000.0,45.9,7100,45.89,400,45.88,1200,45.82,200,45.81,100,45.92,100,45.94,500,45.98,100,45.99,1300,46.0,7000,HOLD
1780450268670,09:31:06,45.89,46.85,47.0,45.82,46.0,375600.0,17450000.0,45.88,400,45.87,500,45.83,300,45.82,600,45.81,100,45.89,500,45.9,10000,45.92,800,45.95,500,45.97,300,HOLD
1780450274696,09:31:12,45.87,46.85,47.0,45.82,46.0,385200.0,17890000.0,45.82,100,45.81,100,45.8,1000,45.72,100,45.7,1300,45.87,6200,45.88,200,45.89,600,45.9,600,45.92,800,HOLD
1780450280720,09:31:18,45.88,46.85,47.0,45.8,46.0,402400.0,18680000.0,45.89,100,45.88,400,45.87,1800,45.86,100,45.84,100,45.92,200,45.97,300,45.99,2100,46.0,300,46.01,500,HOLD
1780450283734,09:31:21,45.89,46.85,47.0,45.8,46.0,403900.0,18740000.0,45.91,500,45.89,700,45.87,1800,45.86,100,45.84,100,45.97,300,45.99,2100,46.0,300,46.01,500,46.05,500,HOLD
1780450289752,09:31:27,46.07,46.85,47.0,45.8,46.0,411100.0,19070000.0,45.99,1800,45.98,100,45.93,100,45.92,6600,45.91,200,46.07,400,46.12,600,46.13,8300,46.14,2700,46.3,1800,HOLD
1780450292766,09:31:30,45.93,46.85,47.0,45.8,46.0,419400.0,19460000.0,46.05,100,46.04,300,46.03,100,46.02,100,46.01,500,46.12,600,46.13,8300,46.14,2700,46.3,1800,46.31,100,HOLD
1780450295775,09:31:33,46.1,46.85,47.0,45.8,46.0,421800.0,19570000.0,46.07,500,46.01,100,46.0,500,45.98,300,45.97,300,46.1,600,46.13,2200,46.14,2700,46.18,800,46.3,1800,HOLD
1780450298792,09:31:36,46.2,46.85,47.0,45.8,46.0,432300.0,20050000.0,46.12,300,46.08,300,46.07,800,46.01,100,46.0,900,46.2,200,46.21,100,46.23,400,46.24,300,46.25,600,HOLD
1780450301795,09:31:39,46.19,46.85,47.0,45.8,46.0,432600.0,20070000.0,46.12,100,46.1,6800,46.08,300,46.07,700,46.05,1000,46.19,800,46.2,300,46.23,100,46.24,100,46.25,600,HOLD
1780450304807,09:31:42,46.2,46.85,47.0,45.8,46.0,433900.0,20130000.0,46.19,100,46.12,300,46.1,5800,46.08,300,46.07,700,46.24,100,46.25,300,46.27,600,46.29,1000,46.3,200,HOLD
1780450310821,09:31:48,46.1,46.85,47.0,45.8,46.0,448000.0,20780000.0,46.1,3500,46.07,700,46.05,1100,46.01,100,46.0,600,46.16,100,46.17,1200,46.18,46600,46.19,200,46.2,100,HOLD
1780450313822,09:31:51,46.31,46.85,47.0,45.8,46.0,498100.0,23090000.0,46.3,300,46.21,800,46.19,2200,46.18,1000,46.13,200,46.35,100,46.36,100,46.38,800,46.45,1900,46.48,900,HOLD
1780450319849,09:31:57,46.37,46.85,47.0,45.8,46.0,503600.0,23350000.0,46.35,600,46.31,400,46.3,200,46.22,200,46.21,200,46.37,600,46.38,1700,46.45,1900,46.48,900,46.5,1000,HOLD
1780450325855,09:32:03,46.28,46.85,47.0,45.8,46.0,524000.0,24290000.0,46.14,300,46.01,200,46.0,100,45.98,900,45.97,300,46.27,300,46.28,100,46.29,600,46.3,1300,46.31,1200,HOLD
1780450328856,09:32:06,46.2,46.85,47.0,45.8,46.0,532900.0,24700000.0,46.14,1400,46.12,200,46.11,2300,46.01,100,46.0,300,46.21,200,46.22,1600,46.26,100,46.27,1100,46.28,200,HOLD
1780450331862,09:32:09,46.14,46.85,47.0,45.8,46.0,536000.0,24840000.0,46.16,200,46.15,100,46.14,4000,46.11,100,46.1,200,46.26,100,46.27,1100,46.3,1400,46.31,100,46.32,500,HOLD
1780450334877,09:32:12,46.16,46.85,47.0,45.8,46.0,537600.0,24910000.0,46.16,1000,46.14,2400,46.1,200,46.01,1500,46.0,100,46.25,100,46.26,200,46.27,1100,46.3,1400,46.31,100,HOLD
1780450337881,09:32:15,46.14,46.85,47.0,45.8,46.0,542200.0,25130000.0,46.1,200,46.01,1500,46.0,500,45.92,3500,45.9,7600,46.13,1100,46.14,500,46.16,100,46.18,52800,46.24,100,HOLD
1780450340880,09:32:18,46.09,46.85,47.0,45.8,46.0,544200.0,25220000.0,46.01,900,46.0,500,45.92,3500,45.9,7600,45.89,1700,46.08,200,46.09,1600,46.1,300,46.12,400,46.13,1700,HOLD
1780450343886,09:32:21,46.07,46.85,47.0,45.8,46.0,545200.0,25260000.0,46.01,500,46.0,600,45.98,2000,45.92,3500,45.9,7600,46.07,11600,46.08,500,46.09,1600,46.1,100,46.12,400,HOLD
1780450346890,09:32:24,46.07,46.85,47.0,45.8,46.0,550000.0,25490000.0,46.01,900,46.0,600,45.98,2000,45.92,3500,45.9,7600,46.07,7300,46.08,500,46.09,1600,46.1,100,46.12,400,HOLD
1780450352908,09:32:27,46.07,46.85,47.0,45.8,46.0,554300.0,25680000.0,46.07,300,46.01,600,46.0,700,45.98,2000,45.96,100,46.09,1600,46.12,400,46.13,1700,46.14,200,46.16,400,HOLD
1780450355923,09:32:33,46.04,46.85,47.0,45.8,46.0,569000.0,26360000.0,46.0,100,45.98,2000,45.96,100,45.92,3500,45.9,8800,46.04,17800,46.07,1200,46.08,100,46.09,2200,46.1,100,HOLD
1780450358929,09:32:36,45.99,46.85,47.0,45.8,46.0,571000.0,26450000.0,45.98,2000,45.96,100,45.92,3500,45.9,9300,45.89,1700,46.0,200,46.03,1600,46.04,300,46.07,4400,46.08,100,HOLD
1780450361936,09:32:39,45.9,46.85,47.0,45.8,46.0,586100.0,27150000.0,45.89,1700,45.87,100,45.85,10100,45.84,800,45.83,300,45.9,2400,45.93,600,45.94,100,45.95,1100,45.96,14400,HOLD
1780450364941,09:32:42,45.89,46.85,47.0,45.8,46.0,592900.0,27460000.0,45.87,100,45.85,10100,45.84,800,45.83,300,45.81,800,45.89,100,45.9,1200,45.91,200,45.92,200,45.93,100,HOLD
1780450367951,09:32:45,45.87,46.85,47.0,45.8,46.0,594600.0,27540000.0,45.85,10100,45.84,800,45.83,300,45.81,800,45.8,8800,45.87,100,45.88,1100,45.89,2900,45.93,100,45.95,300,HOLD
1780450370961,09:32:48,45.89,46.85,47.0,45.8,46.0,598700.0,27720000.0,45.88,2100,45.87,100,45.85,10100,45.84,800,45.81,800,45.89,300,45.93,100,45.95,300,45.96,14400,46.05,1100,HOLD
1780450373964,09:32:51,45.89,46.85,47.0,45.8,46.0,603300.0,27940000.0,45.89,100,45.85,10100,45.84,800,45.81,800,45.8,9700,45.95,600,45.96,14400,46.05,1100,46.07,500,46.08,100,HOLD
1780450376978,09:32:54,45.89,46.85,47.0,45.8,46.0,604700.0,28000000.0,45.87,1700,45.85,10100,45.84,800,45.81,700,45.8,9700,45.9,13000,45.92,900,45.94,300,45.95,300,45.96,14400,HOLD
1780450382985,09:33:00,45.87,46.85,47.0,45.8,46.0,614000.0,28430000.0,45.85,4300,45.84,800,45.82,600,45.81,1700,45.8,9200,45.87,1900,45.88,100,45.89,2500,45.9,13100,45.94,300,HOLD
1780450385986,09:33:03,45.87,46.85,47.0,45.8,46.0,618700.0,28640000.0,45.87,200,45.85,3200,45.84,800,45.82,600,45.81,2400,45.89,2000,45.9,13100,45.94,300,45.95,300,45.96,14400,HOLD
1780450392001,09:33:09,45.61,46.85,47.0,45.61,46.0,649500.0,30050000.0,45.6,1900,45.58,600,45.52,1000,45.5,3100,45.46,100,45.67,400,45.68,300,45.69,700,45.7,400,45.71,900,HOLD
1780450395015,09:33:12,45.65,46.85,47.0,45.6,46.0,654100.0,30260000.0,45.61,200,45.6,1500,45.58,600,45.52,1000,45.5,3200,45.66,100,45.67,200,45.74,500,45.75,200,45.76,300,HOLD
1780450398019,09:33:15,45.66,46.85,47.0,45.6,46.0,655000.0,30300000.0,45.61,200,45.6,1500,45.58,600,45.52,1000,45.5,3200,45.65,100,45.66,400,45.67,100,45.76,300,45.77,400,HOLD
1780450401024,09:33:18,45.67,46.85,47.0,45.6,46.0,656900.0,30390000.0,45.67,600,45.66,5600,45.65,1300,45.61,300,45.6,1900,45.73,100,45.74,200,45.79,400,45.85,5200,45.86,200,HOLD
1780450404031,09:33:21,45.72,46.85,47.0,45.6,46.0,657100.0,30400000.0,45.7,500,45.67,1300,45.66,5700,45.65,2000,45.61,300,45.72,100,45.73,200,45.74,200,45.79,400,45.85,5200,HOLD
1780450407037,09:33:24,45.67,46.85,47.0,45.6,46.0,659700.0,30520000.0,45.66,5700,45.65,2300,45.61,500,45.6,2200,45.58,600,45.67,1300,45.7,400,45.71,100,45.72,400,45.73,400,HOLD
1780450410048,09:33:27,45.59,46.85,47.0,45.59,46.0,671600.0,31060000.0,45.58,600,45.52,1200,45.51,500,45.5,3000,45.47,100,45.59,2700,45.66,1700,45.67,2000,45.7,500,45.71,100,HOLD
1780450416060,09:33:33,45.59,46.85,47.0,45.52,46.0,676000.0,31260000.0,45.53,500,45.52,1100,45.51,500,45.5,5100,45.47,100,45.58,100,45.59,1400,45.65,100,45.66,600,45.67,1300,HOLD
1780450419069,09:33:36,45.59,46.85,47.0,45.52,46.0,677600.0,31330000.0,45.6,200,45.58,500,45.57,400,45.56,400,45.55,400,45.64,1700,45.65,100,45.66,400,45.67,1300,45.7,500,HOLD
1780450425094,09:33:42,45.6,46.85,47.0,45.52,46.0,687000.0,31760000.0,45.61,800,45.6,5400,45.59,200,45.58,1700,45.55,14400,45.72,300,45.73,300,45.79,100,45.85,5200,45.86,200,HOLD
1780450428107,09:33:45,45.71,46.85,47.0,45.52,46.0,690400.0,31920000.0,45.71,300,45.7,100,45.66,100,45.65,900,45.64,1400,45.83,200,45.84,200,45.85,5200,45.86,200,45.87,1200,HOLD
1780450431111,09:33:48,45.73,46.85,47.0,45.52,46.0,691800.0,31980000.0,45.73,200,45.71,300,45.7,100,45.66,100,45.65,900,45.81,900,45.82,200,45.83,300,45.84,200,45.85,5200,HOLD
1780450434119,09:33:51,45.76,46.85,47.0,45.52,46.0,692100.0,32000000.0,45.73,200,45.7,100,45.65,900,45.64,5400,45.6,8700,45.79,100,45.8,200,45.81,900,45.82,200,45.83,300,HOLD
1780450437128,09:33:54,45.73,46.85,47.0,45.52,46.0,711900.0,32900000.0,45.76,6500,45.74,8500,45.73,73800,45.7,100,45.65,300,45.87,1100,45.91,100,45.96,14400,46.05,1100,46.07,800,HOLD
1780450443141,09:34:00,45.91,46.85,47.0,45.52,46.0,730400.0,33750000.0,45.76,1300,45.73,200,45.7,200,45.66,2000,45.65,300,45.91,100,45.94,400,45.95,300,45.96,5500,46.05,1100,HOLD
1780450446155,09:34:03,45.9,46.85,47.0,45.52,46.0,731800.0,33820000.0,45.78,100,45.77,300,45.76,4000,45.74,300,45.73,200,45.91,700,45.93,500,45.94,400,45.95,200,45.96,5500,HOLD
1780450449162,09:34:06,45.91,46.85,47.0,45.52,46.0,734100.0,33920000.0,45.91,3300,45.79,300,45.78,1900,45.76,1400,45.74,300,45.95,200,45.96,5500,45.99,400,46.05,1100,46.06,400,HOLD
1780450452172,09:34:09,45.96,46.85,47.0,45.52,46.0,752600.0,34770000.0,45.96,100,45.95,900,45.91,3000,45.8,300,45.79,300,46.05,1000,46.06,400,46.07,700,46.08,100,46.13,1800,HOLD
1780450455181,09:34:12,46.05,46.85,47.0,45.52,46.0,755500.0,34900000.0,45.95,900,45.91,1600,45.8,600,45.79,300,45.78,200,46.05,1100,46.06,400,46.07,700,46.08,100,46.13,1800,HOLD
1780450458194,09:34:15,46.07,46.85,47.0,45.52,46.0,760000.0,35110000.0,46.05,200,45.97,200,45.96,100,45.95,800,45.92,200,46.07,400,46.08,100,46.13,1800,46.14,500,46.15,1000,HOLD
1780450461199,09:34:18,46.07,46.85,47.0,45.52,46.0,762200.0,35210000.0,46.05,2300,45.97,200,45.96,100,45.95,600,45.92,200,46.07,2100,46.08,100,46.13,1800,46.14,500,46.15,1000,HOLD
1780450464210,09:34:21,46.05,46.85,47.0,45.52,46.0,765200.0,35350000.0,46.0,1300,45.97,200,45.96,200,45.95,500,45.92,200,46.05,300,46.06,200,46.07,2200,46.08,100,46.13,1800,HOLD
1780450467220,09:34:24,46.1,46.85,47.0,45.52,46.0,772600.0,35690000.0,46.1,200,46.07,11100,46.06,1200,46.01,2000,46.0,100,46.13,100,46.14,500,46.15,1000,46.18,52800,46.27,1000,HOLD
1780450470230,09:34:27,46.07,46.85,47.0,45.52,46.0,773200.0,35720000.0,46.07,10000,46.06,1200,46.05,6300,46.0,100,45.97,200,46.13,200,46.14,300,46.15,1000,46.18,52800,46.27,1000,HOLD
1780450476237,09:34:33,46.13,46.85,47.0,45.52,46.0,774100.0,35760000.0,46.08,900,46.07,6700,46.05,10900,46.0,100,45.97,500,46.12,500,46.13,1900,46.14,400,46.15,1100,46.18,52800,HOLD
1780450479243,09:34:36,46.14,46.85,47.0,45.52,46.0,776300.0,35860000.0,46.13,200,46.09,200,46.08,4100,46.07,6800,46.06,2500,46.14,300,46.15,1100,46.18,52800,46.27,1000,46.3,1600,HOLD
1780450482252,09:34:39,46.13,46.85,47.0,45.52,46.0,778900.0,35980000.0,46.12,2200,46.09,200,46.08,4100,46.07,7100,46.06,2500,46.13,100,46.14,1100,46.15,1000,46.17,400,46.18,52800,HOLD
1780450485266,09:34:42,46.12,46.85,47.0,45.52,46.0,780500.0,36060000.0,46.12,2600,46.09,200,46.08,3200,46.07,6700,46.06,2500,46.13,1700,46.14,3100,46.15,1300,46.17,400,46.18,52800,HOLD
1780450488280,09:34:45,46.12,46.85,47.0,45.52,46.0,841300.0,38860000.0,46.12,1000,46.09,200,46.08,3200,46.07,6700,46.06,2500,46.18,5500,46.21,300,46.27,1000,46.3,1600,46.34,500,HOLD
1780450491290,09:34:48,46.13,46.85,47.0,45.52,46.0,844500.0,39010000.0,46.13,4000,46.12,400,46.08,2900,46.07,6700,46.06,2500,46.18,4100,46.21,300,46.27,1000,46.3,1600,46.34,500,HOLD
1780450494317,09:34:51,46.13,46.85,47.0,45.52,46.0,849700.0,39250000.0,46.13,3600,46.12,700,46.08,3000,46.07,6500,46.06,2500,46.19,100,46.27,1000,46.3,1600,46.34,500,46.35,1500,HOLD
1780450497302,09:34:54,46.18,46.85,47.0,45.52,46.0,849900.0,39260000.0,46.18,1300,46.13,3600,46.12,700,46.08,3000,46.07,6500,46.19,100,46.2,100,46.27,1000,46.3,1600,46.34,1000,HOLD
1780450500306,09:34:57,46.19,46.85,47.0,45.52,46.0,851000.0,39310000.0,46.19,2000,46.18,700,46.13,3000,46.12,700,46.08,3000,46.2,100,46.27,1000,46.3,1600,46.34,1000,46.35,1500,HOLD
1780450503324,09:35:00,46.19,46.85,47.0,45.52,46.0,854600.0,39480000.0,46.2,1400,46.19,500,46.18,700,46.13,3000,46.12,700,46.26,400,46.27,700,46.3,1600,46.34,1000,46.35,1500,HOLD
1780450506328,09:35:03,46.2,46.85,47.0,45.52,46.0,856300.0,39560000.0,46.2,900,46.19,1700,46.18,700,46.13,3300,46.12,300,46.24,800,46.25,900,46.26,700,46.27,700,46.3,1600,HOLD
1780450509375,09:35:06,46.2,46.85,47.0,45.52,46.0,857400.0,39610000.0,46.2,2600,46.19,1700,46.18,1000,46.13,3300,46.12,300,46.21,1000,46.22,300,46.23,300,46.24,400,46.26,600,HOLD
1780450512378,09:35:09,46.2,46.85,47.0,45.52,46.0,861600.0,39800000.0,46.19,1700,46.18,1000,46.13,3300,46.12,300,46.1,300,46.2,400,46.21,500,46.22,300,46.26,600,46.27,700,HOLD
1780450518361,09:35:15,46.21,46.85,47.0,45.52,46.0,864000.0,39910000.0,46.2,2300,46.19,1600,46.18,1100,46.13,3300,46.12,300,46.24,200,46.25,800,46.26,400,46.27,700,46.3,4500,HOLD
1780450524388,09:35:21,46.17,46.85,47.0,45.52,46.0,872900.0,40320000.0,46.13,3300,46.12,300,46.1,300,46.08,5000,46.07,6100,46.15,200,46.16,600,46.17,100,46.18,300,46.19,100,HOLD
1780450527398,09:35:24,46.21,46.85,47.0,45.52,46.0,886600.0,40960000.0,46.21,100,46.18,100,46.17,100,46.16,800,46.14,1900,46.25,100,46.29,400,46.3,6900,46.34,1000,46.35,1500,HOLD
1780450530404,09:35:27,46.21,46.85,47.0,45.52,46.0,887200.0,40980000.0,46.25,1100,46.21,4800,46.19,200,46.17,200,46.16,800,46.26,100,46.3,3000,46.34,1000,46.35,1500,46.37,3200,HOLD
1780450533412,09:35:30,46.28,46.85,47.0,45.52,46.0,888400.0,41040000.0,46.28,200,46.25,800,46.22,200,46.21,4800,46.19,200,46.3,2200,46.34,1000,46.35,1500,46.37,3200,46.48,900,HOLD
1780450536419,09:35:33,46.28,46.85,47.0,45.52,46.0,888400.0,41040000.0,46.28,600,46.26,1300,46.25,1100,46.22,200,46.21,5400,46.29,2700,46.3,2200,46.34,1000,46.35,1500,46.37,3200,HOLD
1780450539423,09:35:36,46.29,46.85,47.0,45.52,46.0,890100.0,41120000.0,46.28,800,46.27,5000,46.26,100,46.25,1100,46.22,200,46.29,2100,46.3,2200,46.34,1000,46.35,1500,46.37,3200,HOLD
1780450542438,09:35:39,46.3,46.85,47.0,45.52,46.0,895700.0,41380000.0,46.3,2000,46.29,100,46.28,200,46.27,6100,46.26,100,46.34,1000,46.35,1500,46.37,3200,46.48,900,46.5,2100,HOLD
1780450545444,09:35:42,46.35,46.85,47.0,45.52,46.0,899200.0,41540000.0,46.34,1300,46.33,900,46.31,100,46.3,1000,46.29,59200,46.35,800,46.37,3200,46.48,900,46.5,2100,46.6,400,HOLD
1780450548451,09:35:45,46.37,46.85,47.0,45.52,46.0,903400.0,41740000.0,46.37,800,46.36,100,46.35,1500,46.34,1300,46.33,300,46.39,100,46.4,1000,46.46,100,46.48,900,46.5,2100,HOLD
1780450551457,09:35:48,46.4,46.85,47.0,45.52,46.0,908400.0,41970000.0,46.39,27600,46.37,2200,46.35,5900,46.34,500,46.29,1000,46.46,100,46.48,900,46.5,2100,46.6,400,46.7,200,HOLD
1780450554471,09:35:51,46.4,46.85,47.0,45.52,46.0,911000.0,42090000.0,46.39,32600,46.37,2200,46.35,6500,46.34,500,46.29,1000,46.5,2100,46.6,400,46.68,300,46.7,200,46.72,2000,HOLD
1780450557481,09:35:54,46.4,46.85,47.0,45.52,46.0,940500.0,43460000.0,46.39,31800,46.37,1000,46.35,6000,46.34,300,46.33,200,46.4,24200,46.49,100,46.5,2100,46.6,400,46.66,100,HOLD
1780450560495,09:35:57,46.4,46.85,47.0,45.52,46.0,946100.0,43720000.0,46.39,30800,46.37,1000,46.35,6000,46.34,100,46.33,200,46.4,20000,46.49,100,46.5,2100,46.6,400,46.66,100,HOLD
1780450563504,09:36:00,46.4,46.85,47.0,45.52,46.0,966500.0,44660000.0,46.41,1100,46.4,13500,46.39,5200,46.37,1000,46.35,6000,46.49,100,46.5,2100,46.6,400,46.66,100,46.68,300,HOLD
1780450566503,09:36:03,46.4,46.85,47.0,45.52,46.0,988500.0,45680000.0,46.39,6300,46.37,1000,46.35,6000,46.33,200,46.29,800,46.4,33200,46.46,200,46.49,300,46.5,2100,46.6,1100,HOLD
1780450569508,09:36:06,46.4,46.85,47.0,45.52,46.0,1023600.0,47310000.0,46.4,1900,46.39,5200,46.37,1000,46.35,6000,46.33,200,46.49,300,46.5,2100,46.6,1100,46.66,100,46.68,300,HOLD
1780450572519,09:36:09,46.4,46.85,47.0,45.52,46.0,1026900.0,47470000.0,46.4,1800,46.39,6900,46.37,1000,46.35,6000,46.33,400,46.44,100,46.48,400,46.49,400,46.5,2700,46.6,1200,HOLD
1780450575525,09:36:12,46.49,46.85,47.0,45.52,46.0,1027900.0,47510000.0,46.44,1300,46.4,5800,46.39,6900,46.37,1000,46.35,6000,46.5,2700,46.6,1200,46.66,100,46.68,300,46.7,900,HOLD
1780450578539,09:36:15,46.49,46.85,47.0,45.52,46.0,1027900.0,47510000.0,46.44,1700,46.4,5800,46.39,5700,46.37,1000,46.35,6000,46.5,3900,46.6,1300,46.66,100,46.68,300,46.7,900,HOLD
1780450581553,09:36:18,46.5,46.85,47.0,45.52,46.0,1031700.0,47690000.0,46.47,200,46.44,900,46.4,6300,46.39,5700,46.37,1000,46.5,3200,46.6,1800,46.66,100,46.68,300,46.7,900,HOLD
1780450584561,09:36:21,46.5,46.85,47.0,45.52,46.0,1032000.0,47700000.0,46.45,700,46.44,2000,46.4,6300,46.39,5700,46.37,1000,46.5,12400,46.51,100,46.6,2000,46.66,100,46.68,300,HOLD
1780450587564,09:36:24,46.47,46.85,47.0,45.52,46.0,1037600.0,47960000.0,46.45,900,46.44,1900,46.4,6500,46.39,5700,46.37,1000,46.47,1000,46.5,9600,46.51,100,46.6,2000,46.66,200,HOLD
1780450590567,09:36:27,46.5,46.85,47.0,45.52,46.0,1046200.0,48360000.0,46.45,700,46.44,1900,46.4,6500,46.39,5700,46.37,1000,46.5,3100,46.6,2000,46.66,200,46.68,300,46.69,100,HOLD
1780450593572,09:36:30,46.44,46.85,47.0,45.52,46.0,1049000.0,48490000.0,46.4,6500,46.39,5700,46.37,1000,46.35,3000,46.33,400,46.44,2300,46.46,500,46.47,200,46.48,900,46.49,1300,HOLD
1780450596579,09:36:33,46.43,46.85,47.0,45.52,46.0,1050400.0,48560000.0,46.4,8000,46.39,5700,46.37,1000,46.35,3000,46.33,400,46.42,100,46.43,1500,46.44,1100,46.45,200,46.46,500,HOLD
1780450599585,09:36:36,46.41,46.85,47.0,45.52,46.0,1052500.0,48660000.0,46.4,6300,46.39,7800,46.37,1000,46.35,3000,46.33,400,46.41,200,46.42,1500,46.43,1500,46.49,1000,46.5,6700,HOLD
1780450602591,09:36:39,46.4,46.85,47.0,45.52,46.0,1074800.0,49690000.0,46.39,5600,46.37,1000,46.35,3000,46.33,400,46.29,1400,46.4,900,46.42,1400,46.49,1000,46.5,6700,46.6,1900,HOLD
1780450605610,09:36:42,46.42,46.85,47.0,45.52,46.0,1078700.0,49870000.0,46.41,700,46.4,200,46.39,4200,46.37,1000,46.35,3000,46.42,2100,46.49,1300,46.5,6700,46.6,1800,46.66,200,HOLD
1780450608614,09:36:45,46.41,46.85,47.0,45.52,46.0,1079500.0,49910000.0,46.41,200,46.4,200,46.39,4200,46.37,1000,46.35,3000,46.42,2700,46.49,1100,46.5,6700,46.6,1800,46.66,200,HOLD
1780450611618,09:36:48,46.42,46.85,47.0,45.52,46.0,1081100.0,49980000.0,46.4,1400,46.39,3800,46.38,5000,46.37,1000,46.35,3000,46.41,400,46.42,2200,46.48,3900,46.49,1100,46.5,6700,HOLD
1780450614623,09:36:51,46.39,46.85,47.0,45.52,46.0,1085800.0,50200000.0,46.39,1200,46.38,5000,46.37,1000,46.35,3000,46.33,400,46.4,400,46.41,500,46.42,2200,46.48,3900,46.49,1100,HOLD
1780450617639,09:36:54,46.4,46.85,47.0,45.52,46.0,1096700.0,50710000.0,46.37,1600,46.35,3000,46.33,400,46.29,3400,46.28,1000,46.39,900,46.4,200,46.42,500,46.48,3900,46.49,1100,HOLD
1780450623648,09:37:00,46.36,46.85,47.0,45.52,46.0,1100700.0,50890000.0,46.35,3000,46.33,400,46.3,400,46.29,3400,46.28,1000,46.37,400,46.38,700,46.39,1300,46.4,500,46.42,600,HOLD
1780450626658,09:37:03,46.42,46.85,47.0,45.52,46.0,1105800.0,51130000.0,46.45,400,46.4,700,46.39,3100,46.38,500,46.37,100,46.48,3900,46.49,1100,46.5,7900,46.6,1800,46.66,200,HOLD
1780450629670,09:37:06,46.5,46.85,47.0,45.52,46.0,1115200.0,51570000.0,46.49,700,46.48,100,46.45,2000,46.39,9500,46.38,400,46.5,4300,46.6,1800,46.66,100,46.69,100,46.7,900,HOLD
1780450632681,09:37:09,46.5,46.85,47.0,45.52,46.0,1121600.0,51860000.0,46.5,1800,46.49,100,46.48,300,46.45,700,46.39,2200,46.59,1400,46.6,1800,46.66,100,46.69,100,46.7,900,HOLD
1780450635694,09:37:12,46.59,46.85,47.0,45.52,46.0,1122800.0,51920000.0,46.5,5600,46.49,100,46.48,300,46.45,700,46.39,400,46.59,300,46.6,1800,46.66,100,46.69,100,46.7,900,HOLD
1780450638712,09:37:15,46.5,46.85,47.0,45.52,46.0,1126000.0,52070000.0,46.59,200,46.5,5300,46.49,100,46.45,700,46.42,500,46.6,200,46.62,300,46.63,500,46.64,500,46.65,700,HOLD
1780450641732,09:37:18,46.64,46.85,47.0,45.52,46.0,1129400.0,52230000.0,46.62,1900,46.6,400,46.59,24000,46.53,100,46.5,9800,46.66,100,46.69,100,46.7,900,46.72,2000,46.73,6300,HOLD
1780450644730,09:37:21,46.66,46.85,47.0,45.52,46.0,1130500.0,52280000.0,46.66,300,46.62,1000,46.6,1100,46.59,25000,46.53,100,46.69,100,46.7,900,46.72,2000,46.73,6300,46.77,200,HOLD
1780450647744,09:37:24,46.66,46.85,47.0,45.52,46.0,1133400.0,52410000.0,46.66,3800,46.62,100,46.6,2100,46.59,24000,46.53,100,46.7,900,46.72,2000,46.73,6300,46.77,200,46.79,300,HOLD
1780450650762,09:37:27,46.66,46.85,47.0,45.52,46.0,1134500.0,52460000.0,46.67,100,46.66,4300,46.62,100,46.6,2100,46.59,24000,46.69,300,46.7,800,46.72,2000,46.73,6300,46.77,200,HOLD
1780450653768,09:37:30,46.7,46.85,47.0,45.52,46.0,1151100.0,53240000.0,46.7,400,46.69,65900,46.62,100,46.6,2100,46.53,100,46.72,2000,46.73,6300,46.77,500,46.78,3500,46.79,300,HOLD
1780450656782,09:37:33,46.59,46.85,47.0,45.52,46.0,1228200.0,56840000.0,46.53,100,46.5,9700,46.49,100,46.45,600,46.42,500,46.7,1100,46.71,300,46.72,1300,46.73,6600,46.77,500,HOLD
1780450659797,09:37:36,46.66,46.85,47.0,45.52,46.0,1233300.0,57080000.0,46.51,1600,46.5,7700,46.49,100,46.45,600,46.42,1200,46.66,1500,46.67,400,46.68,600,46.69,1000,46.7,1600,HOLD
1780450662808,09:37:39,46.7,46.85,47.0,45.52,46.0,1242900.0,57520000.0,46.7,1900,46.66,27400,46.51,700,46.5,8500,46.49,100,46.72,200,46.73,6600,46.75,200,46.77,500,46.78,3500,HOLD
1780450665811,09:37:42,46.82,46.85,47.0,45.52,46.0,1294400.0,59930000.0,46.82,2300,46.81,12800,46.78,600,46.77,400,46.76,300,46.83,600,46.84,400,46.85,6600,46.86,800,46.88,4700,HOLD
1780450668823,09:37:45,46.86,46.85,47.0,45.52,46.0,1305100.0,60430000.0,46.84,9600,46.83,800,46.82,2300,46.81,3600,46.78,600,46.88,4700,46.89,400,46.9,2100,46.93,1600,46.95,1900,HOLD
1780450671832,09:37:48,46.89,46.85,47.0,45.52,46.0,1314400.0,60870000.0,46.89,300,46.84,6100,46.83,500,46.81,3600,46.76,300,46.9,2000,46.93,1600,46.95,1900,46.96,12100,46.98,1200,HOLD
1780450674848,09:37:51,46.85,46.85,47.0,45.52,46.0,1315400.0,60920000.0,46.84,7700,46.83,500,46.76,300,46.75,8800,46.74,300,46.85,400,46.89,1400,46.9,2000,46.93,1600,46.95,2400,HOLD
1780450677849,09:37:54,46.84,46.85,47.0,45.52,46.0,1324900.0,61360000.0,46.78,800,46.77,500,46.76,300,46.74,300,46.73,3200,46.82,300,46.83,400,46.84,2800,46.85,800,46.86,700,HOLD
1780450680862,09:37:57,46.84,46.85,47.0,45.52,46.0,1359600.0,62990000.0,46.74,300,46.73,3200,46.72,400,46.71,900,46.7,1500,46.84,43700,46.85,200,46.86,700,46.88,1900,46.89,800,HOLD
1780450686891,09:38:03,46.81,46.85,47.0,45.52,46.0,1382300.0,64050000.0,46.73,2700,46.72,400,46.71,900,46.7,1500,46.66,10100,46.81,1000,46.82,1500,46.84,38500,46.85,200,46.86,800,HOLD
1780450689885,09:38:06,46.8,46.85,47.0,45.52,46.0,1386400.0,64240000.0,46.8,9900,46.78,100,46.73,800,46.72,400,46.71,900,46.81,1000,46.82,1500,46.84,7300,46.85,200,46.86,800,HOLD
1780450692900,09:38:09,46.81,46.85,47.0,45.52,46.0,1401100.0,64930000.0,46.81,1100,46.8,13700,46.78,100,46.75,100,46.74,1000,46.82,1500,46.84,7100,46.85,400,46.86,800,46.88,1900,HOLD
1780450695908,09:38:12,46.8,46.85,47.0,45.52,46.0,1406700.0,65190000.0,46.8,10400,46.78,100,46.75,100,46.74,1000,46.73,800,46.82,1700,46.83,500,46.84,7100,46.85,500,46.86,800,HOLD
1780450698917,09:38:15,46.85,46.85,47.0,45.52,46.0,1420100.0,65820000.0,46.85,2400,46.81,300,46.8,6600,46.78,100,46.75,100,46.86,700,46.88,1900,46.89,100,46.9,3300,46.93,1600,HOLD
1780450701929,09:38:18,47.17,46.85,47.17,45.52,46.0,1647700.0,76510000.0,47.16,6800,47.15,2400,47.14,4300,47.13,3400,47.12,100,47.17,100,47.18,500,47.2,7400,47.22,200,47.25,700,HOLD
1780450704944,09:38:21,47.16,46.85,47.2,45.52,46.0,1673200.0,77720000.0,47.16,4600,47.15,2400,47.14,4300,47.13,3400,47.1,300,47.21,100,47.22,200,47.25,700,47.28,100,47.29,100,HOLD
1780450707955,09:38:24,47.25,46.85,47.25,45.52,46.0,1676800.0,77890000.0,47.22,5800,47.21,300,47.2,5800,47.19,300,47.18,5000,47.25,100,47.28,100,47.29,100,47.3,1800,47.31,4000,HOLD
1780450710957,09:38:27,47.3,46.85,47.3,45.52,46.0,1682900.0,78170000.0,47.26,2000,47.25,100,47.23,100,47.21,4700,47.19,300,47.29,300,47.3,1700,47.31,4000,47.32,300,47.36,200,HOLD
1780450713963,09:38:30,47.25,46.85,47.3,45.52,46.0,1687500.0,78390000.0,47.25,2900,47.23,100,47.21,400,47.19,300,47.17,9900,47.28,300,47.29,300,47.3,2100,47.31,4000,47.32,600,HOLD
1780450716963,09:38:33,47.3,46.85,47.3,45.52,46.0,1700300.0,79000000.0,47.29,35400,47.28,100,47.25,2700,47.23,100,47.21,700,47.3,4300,47.31,4000,47.32,600,47.35,400,47.36,200,HOLD
1780450719972,09:38:36,47.3,46.85,47.3,45.52,46.0,1707700.0,79350000.0,47.29,33700,47.28,10600,47.25,2300,47.23,100,47.21,700,47.3,1300,47.31,4000,47.32,600,47.35,400,47.36,200,HOLD
1780450722977,09:38:39,47.3,46.85,47.31,45.52,46.0,1716300.0,79750000.0,47.28,10600,47.25,2300,47.23,100,47.21,600,47.17,9900,47.3,800,47.31,1800,47.32,600,47.35,400,47.36,200,HOLD
1780450725987,09:38:42,47.3,46.85,47.31,45.52,46.0,1722700.0,80060000.0,47.3,36900,47.29,100,47.28,900,47.25,800,47.23,100,47.31,500,47.32,600,47.35,400,47.36,200,47.38,4900,HOLD
1780450728995,09:38:45,47.31,46.85,47.32,45.52,46.0,1732500.0,80520000.0,47.31,7100,47.3,23400,47.29,100,47.28,900,47.26,200,47.32,200,47.35,700,47.36,300,47.38,5100,47.39,2600,HOLD
1780450731993,09:38:48,47.25,46.85,47.32,45.52,46.0,1783500.0,82930000.0,47.17,400,47.16,2300,47.14,2000,47.07,400,47.01,48200,47.21,100,47.25,200,47.26,10700,47.28,13700,47.29,36400,HOLD
1780450735012,09:38:51,47.17,46.85,47.32,45.52,46.0,1785000.0,83000000.0,47.14,2000,47.07,400,47.01,48200,47.0,1400,46.99,200,47.17,500,47.21,200,47.24,400,47.25,200,47.26,10700,HOLD
1780450738022,09:38:54,47.13,46.85,47.32,45.52,46.0,1789500.0,83210000.0,47.07,200,47.01,48200,47.0,600,46.99,200,46.97,3800,47.13,300,47.14,1900,47.16,1800,47.17,500,47.21,200,HOLD
1780450741035,09:38:57,47.01,46.85,47.32,45.52,46.0,1821000.0,84700000.0,47.02,800,47.01,41400,47.0,1100,46.99,200,46.97,3800,47.1,100,47.18,900,47.19,3600,47.2,7600,47.21,50400,HOLD
1780450744046,09:39:00,47.02,46.85,47.32,45.52,46.0,1826700.0,84970000.0,47.02,2200,47.01,41400,47.0,1200,46.99,200,46.97,3800,47.06,300,47.07,125100,47.09,1100,47.11,1000,47.13,100,HOLD
1780450747051,09:39:03,47.14,46.85,47.32,45.52,46.0,1964400.0,91450000.0,47.14,2600,47.13,1300,47.12,7500,47.11,1100,47.1,6200,47.17,100,47.2,200,47.21,35800,47.24,200,47.25,800,HOLD
1780450750051,09:39:06,47.17,46.85,47.32,45.52,46.0,1969200.0,91680000.0,47.17,100,47.14,300,47.13,800,47.12,1000,47.1,100,47.18,800,47.2,200,47.21,35800,47.24,200,47.25,800,HOLD
1780450753056,09:39:09,47.21,46.85,47.32,45.52,46.0,1978200.0,92110000.0,47.2,14500,47.18,9100,47.17,3200,47.15,100,47.14,400,47.21,31600,47.24,200,47.25,800,47.26,10700,47.28,18900,HOLD
1780450756065,09:39:12,47.28,46.85,47.32,45.52,46.0,2029300.0,94520000.0,47.24,300,47.23,400,47.22,1400,47.21,6700,47.2,11900,47.28,13700,47.29,36800,47.3,18600,47.31,16500,47.32,3900,HOLD
1780450759066,09:39:15,47.25,46.85,47.32,45.52,46.0,2032400.0,94670000.0,47.25,200,47.23,300,47.22,1400,47.21,7800,47.2,12000,47.28,11600,47.29,36800,47.3,18600,47.31,15100,47.32,3900,HOLD
1780450762078,09:39:18,47.21,46.85,47.32,45.52,46.0,2034000.0,94740000.0,47.21,5400,47.2,12000,47.18,9200,47.17,500,47.14,400,47.25,400,47.28,11800,47.29,39300,47.3,22500,47.31,11700,HOLD
1780450765088,09:39:21,47.21,46.85,47.32,45.52,46.0,2036600.0,94860000.0,47.21,1300,47.2,12000,47.18,9200,47.17,600,47.14,400,47.24,1900,47.25,900,47.28,11900,47.29,39400,47.3,22800,HOLD
1780450768106,09:39:24,47.3,46.85,47.36,45.52,46.0,2143900.0,99940000.0,47.3,14400,47.29,49100,47.25,3100,47.22,200,47.21,1400,47.36,2100,47.37,3000,47.38,15900,47.39,2600,47.4,4000,HOLD
1780450771112,09:39:27,47.32,46.85,47.36,45.52,46.0,2177300.0,101520000.0,47.29,29600,47.25,3200,47.22,100,47.21,2200,47.2,12000,47.31,2000,47.35,1900,47.36,1400,47.37,3000,47.38,15900,HOLD
1780450774118,09:39:30,47.36,46.85,47.36,45.52,46.0,2191600.0,102190000.0,47.36,4800,47.32,600,47.29,26300,47.22,100,47.21,2200,47.37,3000,47.38,15900,47.39,2100,47.4,4000,47.42,6500,HOLD
1780450777126,09:39:33,47.3,46.85,47.36,45.52,46.0,2201100.0,102640000.0,47.29,26300,47.24,1000,47.22,100,47.21,2200,47.2,12000,47.31,500,47.32,100,47.36,1500,47.37,3000,47.38,15900,HOLD
1780450780134,09:39:36,47.35,46.85,47.36,45.52,46.0,2237200.0,104350000.0,47.35,53500,47.24,900,47.22,100,47.21,2700,47.2,12600,47.36,5000,47.37,3000,47.38,18000,47.39,2100,47.4,3300,HOLD
1780450783137,09:39:39,47.35,46.85,47.36,45.52,46.0,2241500.0,104560000.0,47.35,49400,47.31,2700,47.3,400,47.24,900,47.22,100,47.36,10200,47.37,3000,47.38,18100,47.39,2100,47.4,4500,HOLD
1780450786151,09:39:42,47.42,46.85,47.45,45.52,46.0,2297400.0,107200000.0,47.42,5700,47.41,2500,47.4,60400,47.36,2600,47.35,46100,47.46,200,47.47,1300,47.49,500,47.5,30000,47.51,500,HOLD
1780450789158,09:39:45,47.67,46.85,47.68,45.52,46.0,2359400.0,110150000.0,47.67,3700,47.62,200,47.6,6200,47.59,1300,47.58,4900,47.68,1000,47.7,6100,47.73,100,47.74,100,47.75,100,HOLD
1780450792165,09:39:48,47.62,46.85,47.68,45.52,46.0,2365200.0,110430000.0,47.62,100,47.6,1000,47.58,3300,47.57,800,47.46,6600,47.66,600,47.67,100,47.69,100,47.7,6100,47.73,100,HOLD
1780450795198,09:39:51,47.75,46.85,47.8,45.52,46.0,2385400.0,111390000.0,47.75,16100,47.68,9700,47.62,100,47.58,200,47.57,800,47.81,1200,47.82,100,47.83,100,47.84,700,47.85,100,HOLD
1780450798180,09:39:54,47.85,46.85,47.85,45.52,46.0,2391200.0,111670000.0,47.76,2400,47.75,15100,47.68,10300,47.66,100,47.62,100,47.85,900,47.86,400,47.87,500,47.88,5000,47.89,1000,HOLD
1780450801246,09:39:57,47.81,46.85,47.86,45.52,46.0,2399600.0,112070000.0,47.85,100,47.82,600,47.81,14700,47.75,14000,47.68,7400,47.86,200,47.87,500,47.88,5000,47.89,900,47.9,2400,HOLD
1780450804245,09:40:03,47.86,46.85,47.89,45.52,46.0,2413500.0,112740000.0,47.86,700,47.85,3900,47.84,1000,47.83,14900,47.82,600,47.89,800,47.9,2400,47.93,500,47.95,700,47.96,100,HOLD
1780450807252,09:40:06,47.88,46.85,47.9,45.52,46.0,2422200.0,113150000.0,47.88,84000,47.87,100,47.86,1000,47.85,5800,47.84,1300,47.89,1600,47.9,1000,47.93,500,47.95,800,47.96,100,HOLD
1780450813257,09:40:09,47.88,46.85,47.95,45.52,46.0,2449000.0,114440000.0,47.88,24400,47.87,100,47.86,400,47.85,5800,47.84,1300,47.89,300,47.94,400,47.95,600,47.96,100,47.97,100,HOLD
1780450816298,09:40:12,47.88,46.85,47.95,45.52,46.0,2502500.0,117000000.0,47.82,2100,47.81,12400,47.68,7300,47.66,500,47.62,2600,47.88,20100,47.89,300,47.9,2600,47.95,600,47.96,100,HOLD
1780450819413,09:40:15,47.88,46.85,47.95,45.52,46.0,2519200.0,117800000.0,47.86,4600,47.84,1800,47.83,8000,47.82,3600,47.81,12400,47.88,28700,47.89,300,47.9,6000,47.95,600,47.96,100,HOLD
1780450822488,09:40:18,47.97,46.85,47.98,45.52,46.0,2567400.0,120100000.0,47.97,4300,47.96,500,47.89,1900,47.88,16200,47.86,6500,47.98,400,47.99,400,48.0,57800,48.01,600,48.02,100,HOLD
1780450825697,09:40:21,47.88,46.85,48.0,45.52,46.0,2619900.0,122620000.0,47.88,9600,47.83,3000,47.82,3600,47.81,100,47.8,800,47.96,100,47.97,1200,47.99,1400,48.0,57200,48.01,600,HOLD
1780450828785,09:40:24,47.91,46.85,48.0,45.52,46.0,2626000.0,122910000.0,47.91,1000,47.89,300,47.88,10400,47.83,3000,47.82,3600,47.96,1800,47.97,1000,47.98,300,47.99,400,48.0,59200,HOLD
1780450831817,09:40:27,47.96,46.85,48.0,45.52,46.0,2651100.0,124110000.0,47.96,10900,47.91,1000,47.89,300,47.88,12400,47.86,1000,47.97,100,47.98,400,47.99,800,48.0,60300,48.01,600,HOLD
1780450834263,09:40:30,47.97,46.85,48.0,45.52,46.0,2664200.0,124740000.0,47.96,1000,47.91,200,47.89,300,47.88,12200,47.86,1100,47.97,1100,47.98,500,48.0,61300,48.01,600,48.02,200,HOLD
1780450837331,09:40:33,47.97,46.85,48.0,45.52,46.0,2669100.0,124980000.0,47.95,100,47.92,700,47.91,200,47.89,300,47.88,11900,47.96,600,47.97,700,47.98,800,47.99,3900,48.0,60300,HOLD
1780450840395,09:40:36,47.88,46.85,48.0,45.52,46.0,2684000.0,125690000.0,47.88,11500,47.86,1100,47.83,3600,47.82,3600,47.81,100,47.92,100,47.96,1700,47.97,200,47.98,1000,47.99,3800,HOLD
1780450843298,09:40:39,47.97,46.85,48.0,45.52,46.0,2704500.0,126670000.0,47.97,300,47.96,53400,47.95,100,47.92,100,47.89,300,47.98,1100,47.99,3800,48.0,70800,48.01,600,48.02,1200,HOLD
1780450846425,09:40:42,47.98,46.85,48.18,45.52,46.0,2801800.0,131340000.0,48.01,2700,48.0,20100,47.99,1600,47.98,9000,47.97,37800,48.09,9800,48.17,1600,48.18,300,48.2,9800,48.22,2300,HOLD
1780450849385,09:40:48,48.08,46.85,48.18,45.52,46.0,2832800.0,132830000.0,48.08,16200,48.02,1000,48.0,3500,47.99,48600,47.98,17200,48.09,1000,48.17,1400,48.18,300,48.2,9800,48.22,2300,HOLD
1780450855333,09:40:51,48.12,46.85,48.18,45.52,46.0,2856500.0,133970000.0,48.12,15600,48.09,5800,48.08,500,48.0,800,47.99,47500,48.16,1100,48.17,200,48.18,300,48.2,10800,48.22,2300,HOLD
1780450858424,09:40:54,48.16,46.85,48.18,45.52,46.0,2884700.0,135330000.0,48.16,24500,48.09,17500,48.08,100,48.0,2600,47.99,47500,48.17,100,48.18,1300,48.2,11300,48.22,300,48.25,400,HOLD
1780450861429,09:40:57,48.2,46.85,48.2,45.52,46.0,2906400.0,136370000.0,48.17,700,48.16,25100,48.14,1100,48.12,600,48.09,16800,48.22,300,48.25,400,48.26,1300,48.28,600,48.29,26500,HOLD
1780450864421,09:41:00,48.16,46.85,48.21,45.52,46.0,2922900.0,137170000.0,48.16,17200,48.14,1100,48.12,400,48.09,16300,48.08,100,48.2,200,48.21,800,48.22,300,48.25,400,48.26,1300,HOLD
1780450867354,09:41:03,48.15,46.85,48.29,45.52,46.0,2959000.0,138910000.0,48.1,1000,48.09,16300,48.08,100,48.0,2700,47.99,46100,48.15,37400,48.16,100,48.17,500,48.19,400,48.2,500,HOLD
1780450870417,09:41:06,48.09,46.85,48.29,45.52,46.0,2968900.0,139380000.0,48.09,13200,48.08,100,48.0,2700,47.99,46100,47.98,5400,48.1,700,48.14,1200,48.15,33900,48.16,2400,48.17,3500,HOLD
1780450873489,09:41:09,48.09,46.85,48.29,45.52,46.0,2986700.0,140240000.0,48.0,2100,47.99,46100,47.98,5400,47.97,12500,47.96,100,48.08,200,48.09,1000,48.1,2900,48.13,300,48.14,1200,HOLD
1780450876462,09:41:12,47.96,46.85,48.29,45.52,46.0,3046800.0,143120000.0,47.95,600,47.92,500,47.91,100,47.88,2600,47.86,1000,47.98,4400,47.99,3200,48.06,100,48.07,500,48.08,2400,HOLD
1780450879469,09:41:15,47.98,46.85,48.29,45.52,46.0,3056000.0,143560000.0,47.88,600,47.87,600,47.86,1000,47.85,1600,47.83,700,47.95,400,47.97,100,47.98,2000,47.99,3200,48.0,2000,HOLD
1780450882499,09:41:18,48.0,46.85,48.29,45.52,46.0,3064500.0,143970000.0,48.01,5400,48.0,200,47.99,1500,47.98,5400,47.97,600,48.02,100,48.07,600,48.08,2700,48.09,8000,48.1,2900,HOLD
1780450885498,09:41:21,48.03,46.85,48.29,45.52,46.0,3111700.0,146240000.0,48.03,400,48.02,3800,48.01,3900,47.98,7300,47.97,6500,48.07,300,48.08,2700,48.09,8200,48.1,3200,48.13,800,HOLD
1780450888533,09:41:24,47.98,46.85,48.29,45.52,46.0,3136800.0,147440000.0,47.98,6600,47.97,3900,47.96,6700,47.95,15600,47.94,2700,48.0,300,48.03,100,48.04,200,48.06,700,48.07,400,HOLD
1780450891454,09:41:27,47.98,46.85,48.29,45.52,46.0,3138500.0,147520000.0,47.98,5800,47.97,3900,47.96,7700,47.95,10100,47.94,2700,48.0,1400,48.01,300,48.03,400,48.04,200,48.06,1100,HOLD
1780450894450,09:41:30,47.98,46.85,48.29,45.52,46.0,3172500.0,149160000.0,47.9,2800,47.89,9100,47.88,4000,47.87,600,47.86,1500,47.98,16300,47.99,900,48.0,1800,48.01,600,48.03,4300,HOLD
1780450897513,09:41:33,47.9,46.85,48.29,45.52,46.0,3184600.0,149740000.0,47.9,1200,47.89,1000,47.88,4000,47.87,600,47.86,1500,47.95,2500,47.97,400,47.98,11600,47.99,1300,48.0,2300,HOLD
1780450900517,09:41:36,47.9,46.85,48.29,45.52,46.0,3187800.0,149890000.0,47.88,4000,47.87,600,47.86,1500,47.85,1600,47.83,700,47.9,1200,47.94,1500,47.95,3900,47.97,1200,47.98,13400,HOLD
1780450903877,09:41:39,47.88,46.85,48.29,45.52,46.0,3189300.0,149960000.0,47.88,2500,47.87,600,47.86,1600,47.85,1600,47.83,700,47.89,100,47.9,5000,47.94,1500,47.95,1500,47.97,900,HOLD
1780450906694,09:41:42,47.83,46.85,48.29,45.52,46.0,3200000.0,150470000.0,47.82,1600,47.81,2900,47.8,7700,47.78,100,47.68,1100,47.84,100,47.85,300,47.86,4700,47.87,2700,47.88,31900,HOLD
1780450909490,09:41:45,47.86,46.85,48.29,45.52,46.0,3208300.0,150870000.0,47.86,9300,47.85,1800,47.84,3100,47.83,10700,47.82,1600,47.88,35100,47.89,1200,47.9,7000,47.95,800,47.97,400,HOLD
1780450912570,09:41:48,47.92,46.85,48.29,45.52,46.0,3261800.0,153430000.0,47.92,2400,47.9,2100,47.88,900,47.87,6800,47.86,1000,47.93,400,47.94,2100,47.95,400,47.97,400,47.98,18200,HOLD
1780450915579,09:41:51,47.78,46.85,48.29,45.52,46.0,3304500.0,155480000.0,47.76,100,47.68,1100,47.66,300,47.62,2600,47.61,5900,47.78,1300,47.79,3700,47.8,5700,47.82,7800,47.83,3100,HOLD
1780450918605,09:41:54,47.8,46.85,48.29,45.52,46.0,3316400.0,156040000.0,47.75,600,47.68,1100,47.66,300,47.62,2600,47.61,5900,47.76,100,47.8,3700,47.82,15100,47.83,3100,47.86,1000,HOLD
1780450921592,09:41:57,47.8,46.85,48.29,45.52,46.0,3320200.0,156220000.0,47.68,800,47.66,300,47.62,2600,47.61,5900,47.6,1100,47.75,400,47.8,4900,47.81,1500,47.83,3100,47.86,1000,HOLD
1780450924581,09:42:00,47.7,46.85,48.29,45.52,46.0,3321000.0,156260000.0,47.68,300,47.66,300,47.62,2600,47.61,5900,47.6,1100,47.72,1700,47.75,200,47.8,5200,47.81,1500,47.82,2000,HOLD
1780450927600,09:42:03,47.67,46.85,48.29,45.52,46.0,3323800.0,156400000.0,47.66,100,47.62,2600,47.61,5900,47.6,1300,47.57,800,47.67,100,47.68,1500,47.72,100,47.75,500,47.76,2700,HOLD
1780450930563,09:42:06,47.64,46.85,48.29,45.52,46.0,3329000.0,156640000.0,47.64,1200,47.63,1400,47.62,2600,47.61,5900,47.6,1300,47.66,4300,47.68,5900,47.7,1100,47.72,100,47.75,500,HOLD
1780450933558,09:42:09,47.64,46.85,48.29,45.52,46.0,3330400.0,156710000.0,47.64,200,47.63,1400,47.62,2600,47.61,5900,47.6,1300,47.66,5400,47.67,2200,47.68,6300,47.7,1100,47.72,100,HOLD
1780450936626,09:42:12,47.63,46.85,48.29,45.52,46.0,3331500.0,156760000.0,47.63,2800,47.62,2600,47.61,5900,47.6,1300,47.57,800,47.64,10500,47.65,600,47.66,5500,47.67,2200,47.68,6600,HOLD
1780450939621,09:42:18,47.55,46.85,48.29,45.52,46.0,3347800.0,157540000.0,47.6,800,47.51,100,47.5,13800,47.46,600,47.4,1000,47.62,1800,47.63,1900,47.64,8600,47.65,600,47.66,7500,HOLD
1780450945670,09:42:21,47.6,46.85,48.29,45.52,46.0,3350200.0,157650000.0,47.54,300,47.53,100,47.52,800,47.51,100,47.5,13800,47.6,1300,47.62,3000,47.63,5900,47.64,8500,47.65,600,HOLD
1780450948591,09:42:24,47.62,46.85,48.29,45.52,46.0,3358600.0,158050000.0,47.62,1700,47.61,500,47.6,1200,47.59,200,47.56,500,47.63,4200,47.64,5200,47.65,1700,47.66,6800,47.68,6300,HOLD
1780450951655,09:42:27,47.6,46.85,48.29,45.52,46.0,3367300.0,158470000.0,47.59,100,47.58,900,47.57,2000,47.56,500,47.54,300,47.6,1700,47.62,100,47.63,2400,47.64,5200,47.65,1700,HOLD
1780450954693,09:42:33,47.59,46.85,48.29,45.52,46.0,3371800.0,158680000.0,47.57,1800,47.56,500,47.55,500,47.54,200,47.51,2400,47.59,4400,47.6,2600,47.61,200,47.62,1200,47.63,3100,HOLD
1780450960657,09:42:36,47.58,46.85,48.29,45.52,46.0,3375400.0,158850000.0,47.58,5200,47.57,1400,47.56,500,47.55,500,47.54,200,47.59,4100,47.6,7400,47.61,200,47.62,1300,47.63,3000,HOLD
1780450963716,09:42:39,47.5,46.85,48.29,45.52,46.0,3391400.0,159620000.0,47.51,2300,47.5,13800,47.46,100,47.4,1100,47.37,200,47.55,200,47.57,100,47.58,1500,47.59,4800,47.6,7800,HOLD
1780450966710,09:42:42,47.51,46.85,48.29,45.52,46.0,3393000.0,159690000.0,47.51,1200,47.5,13800,47.46,100,47.4,1100,47.37,200,47.55,200,47.57,100,47.58,5900,47.59,3500,47.6,8900,HOLD
1780450969701,09:42:45,47.54,46.85,48.29,45.52,46.0,3397000.0,159880000.0,47.54,500,47.53,400,47.52,700,47.51,1100,47.5,13800,47.58,3600,47.59,3600,47.6,6900,47.61,2200,47.62,1300,HOLD
1780450972771,09:42:48,47.55,46.85,48.29,45.52,46.0,3398800.0,159970000.0,47.54,700,47.53,400,47.52,200,47.51,1500,47.5,14000,47.55,900,47.58,4100,47.59,3600,47.6,4000,47.61,2200,HOLD
1780450975796,09:42:51,47.55,46.85,48.29,45.52,46.0,3401400.0,160090000.0,47.55,1100,47.51,2900,47.5,14100,47.46,100,47.41,2100,47.57,100,47.58,4100,47.59,3600,47.6,4000,47.61,2200,HOLD
1780450978725,09:42:57,47.6,46.85,48.29,45.52,46.0,3428700.0,161390000.0,47.6,3400,47.59,5100,47.58,35800,47.55,1800,47.52,100,47.63,2100,47.64,6000,47.65,1100,47.66,5400,47.68,600,HOLD
1780450984726,09:43:03,47.7,46.85,48.29,45.52,46.0,3450100.0,162410000.0,47.68,500,47.67,500,47.66,500,47.62,100,47.61,2500,47.7,600,47.71,2600,47.75,300,47.79,200,47.8,1500,HOLD
1780450990756,09:43:06,47.7,46.85,48.29,45.52,46.0,3450700.0,162440000.0,47.7,100,47.68,500,47.67,500,47.66,500,47.63,2100,47.75,300,47.79,200,47.8,1400,47.82,2000,47.83,3100,HOLD
1780450993770,09:43:09,47.7,46.85,48.29,45.52,46.0,3454500.0,162620000.0,47.69,100,47.67,300,47.66,500,47.65,500,47.62,100,47.75,300,47.79,200,47.8,1400,47.82,2000,47.83,3100,HOLD
1780450996759,09:43:12,47.68,46.85,48.29,45.52,46.0,3482100.0,163940000.0,47.68,200,47.67,900,47.65,500,47.62,100,47.61,2500,47.7,400,47.74,200,47.75,3200,47.76,100,47.79,200,HOLD
1780450999765,09:43:15,47.7,46.85,48.29,45.52,46.0,3497600.0,164680000.0,47.67,100,47.65,500,47.62,100,47.61,2500,47.6,400,47.68,100,47.7,200,47.75,300,47.79,1700,47.8,300,HOLD
1780451002768,09:43:18,47.68,46.85,48.29,45.52,46.0,3500900.0,164830000.0,47.61,2500,47.6,400,47.59,1800,47.58,35800,47.55,2000,47.68,200,47.7,1100,47.75,200,47.79,1600,47.8,100,HOLD
1780451005746,09:43:21,47.68,46.85,48.29,45.52,46.0,3502900.0,164930000.0,47.61,2400,47.6,400,47.59,1800,47.58,35800,47.55,2500,47.68,800,47.69,600,47.7,1500,47.75,200,47.79,1600,HOLD
1780451008793,09:43:27,47.62,46.85,48.29,45.52,46.0,3507300.0,165140000.0,47.62,500,47.61,300,47.6,400,47.59,2700,47.58,35800,47.68,400,47.69,600,47.7,3700,47.75,200,47.79,1600,HOLD
1780451014780,09:43:33,47.62,46.85,48.29,45.52,46.0,3512000.0,165360000.0,47.62,900,47.61,200,47.6,400,47.59,2700,47.58,35800,47.66,400,47.67,1000,47.68,1300,47.69,600,47.7,3300,HOLD
1780451017762,09:43:36,47.62,46.85,48.29,45.52,46.0,3517600.0,165630000.0,47.61,500,47.6,400,47.59,2700,47.58,35800,47.55,2000,47.62,2000,47.68,2200,47.69,600,47.7,4100,47.75,200,HOLD
1780451023874,09:43:39,47.62,46.85,48.29,45.52,46.0,3521000.0,165790000.0,47.62,100,47.6,3400,47.59,2700,47.58,35800,47.55,2000,47.68,2900,47.69,600,47.7,2600,47.75,200,47.79,1600,HOLD
1780451026804,09:43:45,47.62,46.85,48.29,45.52,46.0,3564400.0,167860000.0,47.63,300,47.62,9700,47.61,100,47.6,2700,47.59,4800,47.7,200,47.77,2100,47.79,1100,47.81,1100,47.82,5400,HOLD
1780451032859,09:43:48,47.77,46.85,48.29,45.52,46.0,3567500.0,168010000.0,47.67,500,47.66,2100,47.63,200,47.62,9800,47.61,100,47.77,800,47.79,1000,47.81,1100,47.82,1400,47.83,3100,HOLD
1780451035882,09:43:51,48.26,46.85,48.29,45.52,46.0,3739900.0,176300000.0,48.26,1100,48.24,300,48.22,1200,48.16,1200,48.14,400,48.29,11700,48.3,9500,48.31,900,48.32,500,48.33,300,HOLD
1780451038893,09:43:54,48.26,46.85,48.33,45.52,46.0,3770800.0,177790000.0,48.29,100,48.26,4600,48.25,1600,48.18,1200,48.17,1700,48.33,200,48.34,500,48.35,3300,48.36,500,48.38,9900,HOLD
1780451041894,09:44:00,48.5,46.85,48.5,45.52,46.0,3817900.0,180070000.0,48.43,2600,48.4,200,48.38,1300,48.35,100,48.33,2000,48.5,25400,48.52,300,48.53,1000,48.55,1700,48.56,2200,HOLD
1780451047848,09:44:03,48.52,46.85,48.55,45.52,46.0,3845700.0,181420000.0,48.53,4100,48.52,1000,48.51,1600,48.5,10600,48.47,400,48.55,1600,48.56,2200,48.58,4300,48.59,700,48.6,2100,HOLD
1780451050937,09:44:09,48.75,46.85,48.77,45.52,46.0,3878100.0,183000000.0,48.73,5000,48.72,1300,48.69,4200,48.68,100,48.66,1500,48.75,100,48.76,200,48.77,700,48.78,200,48.8,15400,HOLD
1780451056924,09:44:12,48.75,46.85,48.8,45.52,46.0,3904300.0,184280000.0,48.75,200,48.72,2200,48.71,1300,48.69,1500,48.66,1500,48.8,15000,48.81,800,48.82,600,48.83,800,48.86,13400,HOLD
1780451059948,09:44:18,48.8,46.85,48.8,45.52,46.0,3957300.0,186860000.0,48.76,4900,48.75,200,48.71,1400,48.67,1100,48.66,1500,48.81,900,48.82,600,48.83,800,48.86,18900,48.87,100,HOLD
1780451065900,09:44:21,48.76,46.85,48.85,45.52,46.0,3976000.0,187770000.0,48.76,500,48.73,1600,48.72,100,48.71,1400,48.67,1100,48.79,600,48.8,200,48.81,200,48.86,18600,48.87,100,HOLD
1780451068921,09:44:24,48.76,46.85,48.85,45.52,46.0,3985200.0,188220000.0,48.75,500,48.72,100,48.71,1400,48.67,1100,48.66,1500,48.79,200,48.8,200,48.81,200,48.86,18600,48.87,100,HOLD
1780451071972,09:44:30,48.7,46.85,48.86,45.52,46.0,4004700.0,189170000.0,48.66,1100,48.65,1400,48.64,2000,48.62,100,48.57,1500,48.7,4700,48.72,100,48.73,900,48.75,2700,48.76,9200,HOLD
1780451074983,09:44:33,48.66,46.85,48.86,45.52,46.0,4009200.0,189390000.0,48.65,300,48.64,2600,48.62,100,48.57,1100,48.55,900,48.66,1800,48.67,300,48.69,600,48.7,7800,48.71,100,HOLD
1780451080997,09:44:36,48.67,46.85,48.86,45.52,46.0,4016900.0,189770000.0,48.67,8400,48.66,1600,48.64,2600,48.58,400,48.57,1100,48.69,600,48.7,9900,48.71,100,48.72,100,48.73,2400,HOLD
1780451084016,09:44:42,48.7,46.85,48.86,45.52,46.0,4062500.0,191990000.0,48.7,17100,48.69,3400,48.66,3600,48.63,2700,48.62,100,48.75,4600,48.76,10000,48.79,800,48.8,12000,48.81,1100,HOLD
1780451089955,09:44:48,48.7,46.85,48.86,45.52,46.0,4094200.0,193530000.0,48.69,2400,48.68,1300,48.66,3600,48.65,300,48.64,300,48.7,7900,48.75,6300,48.76,10000,48.79,800,48.8,11500,HOLD
1780451095982,09:44:51,48.8,46.85,48.88,45.52,46.0,4187500.0,198080000.0,48.85,4700,48.81,800,48.8,21300,48.76,100,48.71,5500,48.86,1000,48.87,1500,48.88,600,48.89,400,48.9,8900,HOLD
1780451098982,09:44:57,48.84,46.85,48.88,45.52,46.0,4220800.0,199710000.0,48.72,200,48.71,5800,48.7,3000,48.69,5300,48.66,4000,48.84,400,48.85,3000,48.86,100,48.88,600,48.89,400,HOLD
1780451104999,09:45:00,48.86,46.85,48.88,45.52,46.0,4261000.0,201670000.0,48.86,4400,48.84,400,48.72,200,48.71,5800,48.7,2600,48.88,600,48.89,400,48.9,6600,48.92,700,48.95,200,HOLD
1780451108005,09:45:03,48.86,46.85,48.88,45.52,46.0,4272000.0,202210000.0,48.84,1600,48.79,100,48.72,700,48.71,5800,48.7,2600,48.86,200,48.88,1100,48.89,500,48.9,9500,48.92,700,HOLD
1780451111021,09:45:09,48.72,46.85,48.96,45.52,46.0,4324600.0,204780000.0,48.72,1000,48.71,300,48.7,2600,48.69,3700,48.68,100,48.8,300,48.81,100,48.82,200,48.83,800,48.84,8100,HOLD
1780451117040,09:45:12,48.77,46.85,48.96,45.52,46.0,4341500.0,205610000.0,48.77,1400,48.76,3300,48.75,2500,48.74,1100,48.73,1600,48.84,500,48.86,9100,48.89,200,48.9,600,48.95,100,HOLD
1780451120052,09:45:15,48.82,46.85,48.96,45.52,46.0,4363500.0,206680000.0,48.84,1100,48.82,2400,48.8,5200,48.79,600,48.78,2800,48.96,2600,48.97,500,48.98,7000,48.99,3300,49.0,43300,HOLD
1780451123055,09:45:18,48.97,46.85,48.97,45.52,46.0,4370000.0,207000000.0,48.97,3800,48.94,9700,48.93,500,48.92,8800,48.91,1300,48.98,7000,48.99,3300,49.0,44300,49.01,2300,49.05,300,HOLD
1780451126070,09:45:21,48.96,46.85,48.99,45.52,46.0,4383600.0,207670000.0,48.96,2900,48.94,9700,48.93,1000,48.92,8800,48.91,1300,48.97,800,48.99,3200,49.0,44400,49.01,2300,49.05,300,HOLD
1780451129076,09:45:24,48.98,46.85,48.99,45.52,46.0,4395800.0,208260000.0,48.98,1000,48.97,400,48.96,1200,48.94,9600,48.93,1000,48.99,2500,49.0,44500,49.01,2300,49.05,300,49.08,9500,HOLD
1780451132087,09:45:27,48.97,46.85,48.99,45.52,46.0,4402400.0,208590000.0,48.96,600,48.94,9600,48.93,1000,48.92,8800,48.91,1300,48.97,3300,48.99,1500,49.0,44600,49.01,2300,49.02,100,HOLD
1780451135097,09:45:33,48.97,46.85,48.99,45.52,46.0,4414800.0,209190000.0,48.97,15900,48.96,1000,48.94,9200,48.93,1000,48.92,8800,48.98,4000,48.99,1900,49.0,47800,49.01,2400,49.02,100,HOLD
1780451138107,09:45:36,48.97,46.85,48.99,45.52,46.0,4436800.0,210270000.0,48.97,2000,48.96,1000,48.93,1000,48.92,8800,48.91,800,48.98,1400,48.99,3000,49.0,48700,49.01,2400,49.02,100,HOLD
1780451144124,09:45:42,48.98,46.85,48.99,45.52,46.0,4454400.0,211130000.0,48.98,500,48.97,100,48.96,200,48.93,8200,48.92,8800,48.99,3200,49.0,51200,49.01,2400,49.02,100,49.05,300,HOLD
1780451147141,09:45:45,48.94,46.85,48.99,45.52,46.0,4461900.0,211500000.0,48.93,8300,48.92,8800,48.91,800,48.88,100,48.86,2400,48.94,800,48.96,28800,48.97,2500,48.98,400,48.99,3100,HOLD
1780451153152,09:45:48,48.93,46.85,48.99,45.52,46.0,4464700.0,211640000.0,48.93,8100,48.92,8800,48.91,800,48.88,100,48.86,2400,48.96,28200,48.97,2500,48.98,1400,48.99,3200,49.0,51600,HOLD
1780451156173,09:45:54,48.93,46.85,48.99,45.52,46.0,4496300.0,213180000.0,48.89,2700,48.88,3400,48.86,2400,48.85,300,48.84,12000,48.93,200,48.94,600,48.96,22400,48.97,3200,48.98,3500,HOLD
1780451162189,09:45:57,48.93,46.85,48.99,45.52,46.0,4505700.0,213640000.0,48.89,100,48.88,3400,48.86,2400,48.85,300,48.84,12000,48.93,5400,48.95,100,48.96,22000,48.97,3200,48.98,3100,HOLD
1780451165198,09:46:03,48.82,46.85,48.99,45.52,46.0,4533200.0,214990000.0,48.8,34700,48.79,100,48.78,200,48.77,500,48.76,400,48.82,2400,48.86,1000,48.88,300,48.89,4400,48.92,100,HOLD
1780451168208,09:46:06,48.75,46.85,48.99,45.52,46.0,4571200.0,216840000.0,48.72,200,48.71,400,48.7,1200,48.69,3700,48.68,100,48.75,400,48.8,7200,48.82,300,48.88,1300,48.89,8700,HOLD
1780451174240,09:46:12,48.73,46.85,48.99,45.52,46.0,4627700.0,219580000.0,48.68,4200,48.66,1300,48.65,3000,48.64,400,48.62,5300,48.73,100,48.8,1500,48.82,100,48.88,5900,48.89,13000,HOLD
1780451180257,09:46:18,48.68,46.85,48.99,45.52,46.0,4641200.0,220230000.0,48.66,800,48.65,3000,48.62,5300,48.61,2600,48.45,3700,48.68,500,48.79,700,48.8,3100,48.82,300,48.88,2600,HOLD
1780451183268,09:46:21,48.69,46.85,48.99,45.52,46.0,4642900.0,220320000.0,48.69,1100,48.68,2600,48.66,2100,48.65,3000,48.62,5300,48.71,200,48.72,300,48.75,100,48.79,700,48.8,3200,HOLD
1780451189294,09:46:27,48.8,46.85,48.99,45.52,46.0,4659400.0,221120000.0,48.66,400,48.65,3000,48.62,5300,48.61,2100,48.5,100,48.69,100,48.8,800,48.82,300,48.86,100,48.88,2600,HOLD
1780451192301,09:46:30,48.72,46.85,48.99,45.52,46.0,4660000.0,221150000.0,48.72,700,48.71,1300,48.7,2000,48.69,100,48.68,1300,48.79,3100,48.8,3700,48.82,300,48.86,100,48.88,2600,HOLD
1780451195309,09:46:33,48.72,46.85,48.99,45.52,46.0,4664700.0,221380000.0,48.68,2300,48.66,700,48.65,3300,48.62,5300,48.61,200,48.72,700,48.79,4800,48.8,4600,48.82,300,48.86,100,HOLD
1780451198331,09:46:36,48.68,46.85,48.99,45.52,46.0,4665900.0,221440000.0,48.68,3200,48.67,200,48.66,700,48.65,3300,48.62,5000,48.7,300,48.72,2700,48.79,4700,48.8,17700,48.82,300,HOLD
1780451204336,09:46:42,48.66,46.85,48.99,45.52,46.0,4671800.0,221720000.0,48.66,900,48.65,3100,48.62,5300,48.61,200,48.6,100,48.68,15500,48.69,300,48.7,300,48.72,4400,48.79,4700,HOLD
1780451210343,09:46:45,48.66,46.85,48.99,45.52,46.0,4674200.0,221840000.0,48.66,1200,48.65,3100,48.62,5300,48.61,200,48.6,100,48.67,200,48.68,17400,48.69,300,48.7,300,48.72,4700,HOLD
1780451213364,09:46:51,48.65,46.85,48.99,45.52,46.0,4679700.0,222110000.0,48.64,100,48.62,5300,48.61,200,48.6,100,48.5,100,48.65,900,48.66,4900,48.68,17900,48.69,300,48.7,300,HOLD
1780451216360,09:46:54,48.66,46.85,48.99,45.52,46.0,4691500.0,222680000.0,48.65,3000,48.62,2700,48.61,200,48.6,100,48.5,100,48.66,400,48.68,17900,48.69,300,48.7,200,48.72,4000,HOLD
1780451222382,09:46:57,48.72,46.85,48.99,45.52,46.0,4717800.0,223960000.0,48.75,200,48.72,3300,48.7,300,48.69,900,48.68,19700,48.77,900,48.79,4700,48.8,22500,48.82,300,48.86,400,HOLD
1780451225394,09:47:03,48.8,46.85,48.99,45.52,46.0,4725600.0,224340000.0,48.78,700,48.77,1800,48.75,2400,48.74,37100,48.72,1400,48.8,23200,48.82,300,48.86,400,48.88,2900,48.89,6900,HOLD
1780451231403,09:47:06,48.77,46.85,48.99,45.52,46.0,4732600.0,224680000.0,48.75,100,48.74,37100,48.72,1400,48.69,300,48.68,20000,48.77,100,48.79,4100,48.8,22500,48.82,300,48.86,400,HOLD
1780451234411,09:47:09,48.71,46.85,48.99,45.52,46.0,4782700.0,227130000.0,48.68,10700,48.67,2000,48.66,800,48.65,1800,48.62,700,48.7,800,48.71,1800,48.72,3000,48.74,41200,48.77,2000,HOLD
1780451237410,09:47:12,48.7,46.85,48.99,45.52,46.0,4795700.0,227760000.0,48.67,2000,48.66,800,48.65,1800,48.62,700,48.6,500,48.71,2100,48.72,1200,48.74,3500,48.75,500,48.77,2000,HOLD
1780451240413,09:47:18,48.66,46.85,48.99,45.52,46.0,4805000.0,228210000.0,48.62,700,48.6,700,48.5,200,48.48,300,48.44,1400,48.66,800,48.68,4100,48.69,500,48.7,100,48.71,2300,HOLD
1780451243433,09:47:21,48.62,46.85,48.99,45.52,46.0,4805500.0,228240000.0,48.62,800,48.6,500,48.5,1200,48.48,300,48.46,200,48.66,400,48.67,2800,48.68,4100,48.69,500,48.7,100,HOLD
1780451249437,09:47:27,48.62,46.85,48.99,45.52,46.0,4808300.0,228370000.0,48.62,100,48.6,600,48.58,100,48.5,1200,48.48,500,48.66,900,48.67,2800,48.68,3400,48.69,600,48.71,1800,HOLD
1780451255449,09:47:33,48.63,46.85,48.99,45.52,46.0,4813700.0,228630000.0,48.66,100,48.64,100,48.63,100,48.62,4300,48.61,1200,48.67,800,48.68,3400,48.69,600,48.71,1800,48.72,200,HOLD
1780451261468,09:47:39,48.68,46.85,48.99,45.52,46.0,4817200.0,228800000.0,48.67,3000,48.64,1100,48.63,100,48.62,4300,48.61,1200,48.68,800,48.69,600,48.71,1800,48.72,200,48.74,3200,HOLD
1780451264487,09:47:42,48.68,46.85,48.99,45.52,46.0,4818100.0,228850000.0,48.68,500,48.67,3100,48.64,1100,48.63,100,48.62,4400,48.69,300,48.71,1800,48.72,200,48.74,3200,48.75,800,HOLD
1780451270493,09:47:48,48.67,46.85,48.99,45.52,46.0,4822600.0,229070000.0,48.64,1100,48.63,100,48.62,3000,48.61,1800,48.6,1700,48.67,1300,48.68,1400,48.69,400,48.7,200,48.71,2800,HOLD
1780451273511,09:47:51,48.66,46.85,48.99,45.52,46.0,4827900.0,229330000.0,48.63,200,48.62,800,48.61,1800,48.6,1800,48.58,100,48.65,100,48.66,600,48.67,1400,48.68,1600,48.69,200,HOLD
1780451279524,09:47:54,48.63,46.85,48.99,45.52,46.0,4828800.0,229370000.0,48.62,800,48.61,1800,48.6,1800,48.58,100,48.5,1700,48.63,3500,48.65,400,48.66,700,48.67,1500,48.68,1700,HOLD
1780451282528,09:47:57,48.63,46.85,48.99,45.52,46.0,4836300.0,229730000.0,48.58,100,48.5,1800,48.48,500,48.43,200,48.42,800,48.63,3700,48.64,1500,48.65,1000,48.66,900,48.67,2000,HOLD
1780451285535,09:48:00,48.58,46.85,48.99,45.52,46.0,4836800.0,229760000.0,48.5,1800,48.48,800,48.43,200,48.42,800,48.4,200,48.58,600,48.6,39600,48.62,1900,48.63,3800,48.64,2500,HOLD
1780451288550,09:48:06,48.5,46.85,48.99,45.52,46.0,4839900.0,229910000.0,48.48,800,48.46,300,48.45,1000,48.4,200,48.3,600,48.5,1000,48.52,100,48.57,200,48.58,800,48.6,39600,HOLD
1780451291561,09:48:09,48.48,46.85,48.99,45.52,46.0,4840000.0,229910000.0,48.48,800,48.46,300,48.45,1000,48.4,200,48.3,600,48.5,3000,48.52,100,48.57,200,48.58,800,48.63,4800,HOLD
1780451297585,09:48:15,48.61,46.85,48.99,45.52,46.0,4867000.0,231230000.0,48.59,700,48.57,100,48.55,46400,48.5,2900,48.49,400,48.64,400,48.66,900,48.67,500,48.68,1800,48.69,300,HOLD
1780451300581,09:48:18,48.59,46.85,48.99,45.52,46.0,4867600.0,231250000.0,48.59,700,48.57,100,48.55,46400,48.53,100,48.5,2900,48.61,100,48.63,100,48.64,500,48.66,700,48.67,600,HOLD
1780451303598,09:48:21,48.61,46.85,48.99,45.52,46.0,4907700.0,233200000.0,48.56,200,48.55,11200,48.53,100,48.5,2900,48.49,400,48.61,15300,48.63,100,48.64,500,48.66,700,48.67,600,HOLD
1780451309612,09:48:24,48.59,46.85,48.99,45.52,46.0,4908000.0,233220000.0,48.57,500,48.56,400,48.55,11300,48.53,100,48.5,2900,48.61,15900,48.63,100,48.64,500,48.66,700,48.67,600,HOLD
1780451312632,09:48:27,48.59,46.85,48.99,45.52,46.0,4908000.0,233220000.0,48.57,500,48.56,400,48.55,11300,48.53,100,48.51,1000,48.6,500,48.61,21000,48.63,100,48.64,1800,48.66,700,HOLD
1780451315629,09:48:33,48.6,46.85,48.99,45.52,46.0,4923300.0,233960000.0,48.6,300,48.59,8300,48.58,2600,48.57,800,48.56,400,48.61,9600,48.63,100,48.64,1600,48.66,700,48.67,100,HOLD
1780451318640,09:48:36,48.61,46.85,48.99,45.52,46.0,4924100.0,234000000.0,48.6,400,48.59,8200,48.58,2600,48.57,3700,48.56,400,48.61,9400,48.62,100,48.63,100,48.64,1600,48.66,700,HOLD
1780451321649,09:48:39,48.6,46.85,48.99,45.52,46.0,4927400.0,234160000.0,48.6,3500,48.59,8200,48.58,2600,48.57,3700,48.56,400,48.61,7900,48.62,100,48.63,200,48.64,1600,48.65,100,HOLD
1780451324657,09:48:42,48.61,46.85,48.99,45.52,46.0,4936700.0,234610000.0,48.6,3200,48.59,8400,48.58,2600,48.57,800,48.56,200,48.61,800,48.62,100,48.63,200,48.64,1600,48.65,100,HOLD
1780451327658,09:48:45,48.66,46.85,48.99,45.52,46.0,4945800.0,235050000.0,48.65,100,48.6,1500,48.59,8400,48.58,2600,48.57,800,48.68,1500,48.69,700,48.7,300,48.71,1500,48.72,200,HOLD
1780451330671,09:48:48,48.66,46.85,48.99,45.52,46.0,4947900.0,235160000.0,48.66,1300,48.65,1000,48.6,1500,48.59,8400,48.58,1400,48.68,1800,48.69,700,48.7,300,48.71,1500,48.72,200,HOLD
1780451336669,09:48:54,48.67,46.85,48.99,45.52,46.0,4950700.0,235290000.0,48.66,900,48.65,1000,48.6,1600,48.59,8400,48.58,1200,48.68,200,48.69,700,48.7,300,48.71,1600,48.72,500,HOLD
1780451339690,09:48:57,48.67,46.85,48.99,45.52,46.0,4952200.0,235360000.0,48.67,700,48.65,1000,48.6,1600,48.59,8400,48.58,1200,48.69,700,48.7,300,48.71,600,48.72,500,48.75,900,HOLD
1780451345708,09:49:00,48.65,46.85,48.99,45.52,46.0,4954500.0,235480000.0,48.6,1600,48.59,8400,48.58,800,48.57,400,48.56,200,48.65,100,48.66,1900,48.67,2300,48.69,900,48.7,500,HOLD
1780451348717,09:49:03,48.5,46.85,48.99,45.52,46.0,4985200.0,236970000.0,48.54,500,48.53,400,48.52,1200,48.51,1400,48.5,13000,48.65,400,48.66,1900,48.67,3400,48.69,900,48.7,300,HOLD
1780451351740,09:49:06,48.66,46.85,48.99,45.52,46.0,4986000.0,237010000.0,48.63,200,48.62,400,48.61,1400,48.6,100,48.54,600,48.66,1900,48.67,3200,48.69,900,48.7,300,48.71,100,HOLD
1780451354740,09:49:09,48.63,46.85,48.99,45.52,46.0,5016500.0,238490000.0,48.56,1200,48.55,1400,48.51,2100,48.5,8500,48.49,200,48.63,600,48.66,1800,48.67,3300,48.69,900,48.7,300,HOLD
1780451357742,09:49:12,48.63,46.85,48.99,45.52,46.0,5018200.0,238570000.0,48.59,1700,48.57,100,48.56,200,48.55,1400,48.51,2100,48.63,200,48.65,200,48.66,3700,48.67,3200,48.69,900,HOLD
1780451360750,09:49:18,48.5,46.85,48.99,45.52,46.0,5048200.0,240020000.0,48.51,1700,48.5,100,48.49,2500,48.48,1500,48.47,300,48.56,500,48.61,100,48.63,1800,48.65,300,48.66,3700,HOLD
1780451363757,09:49:21,48.63,46.85,48.99,45.52,46.0,5050500.0,240130000.0,48.6,27200,48.51,300,48.5,100,48.49,400,48.48,1500,48.63,1500,48.65,300,48.66,4300,48.67,3200,48.69,1900,HOLD
1780451366756,09:49:24,48.61,46.85,48.99,45.52,46.0,5088200.0,241970000.0,48.48,1500,48.47,300,48.46,300,48.45,300,48.43,300,48.6,3000,48.61,2900,48.63,1900,48.65,700,48.66,4300,HOLD
1780451369755,09:49:27,48.5,46.85,48.99,45.52,46.0,5089800.0,242040000.0,48.5,3400,48.48,1800,48.47,1300,48.46,300,48.45,300,48.6,3000,48.61,3200,48.62,300,48.63,900,48.65,700,HOLD
1780451372768,09:49:30,48.56,46.85,48.99,45.52,46.0,5090600.0,242080000.0,48.56,500,48.55,200,48.52,600,48.5,100,48.48,1800,48.59,800,48.6,3100,48.61,3100,48.62,300,48.63,1000,HOLD
1780451375777,09:49:33,48.57,46.85,48.99,45.52,46.0,5092400.0,242170000.0,48.57,900,48.52,600,48.5,2400,48.48,1800,48.47,1300,48.59,1300,48.6,3800,48.61,3100,48.62,400,48.63,900,HOLD
1780451378784,09:49:36,48.6,46.85,48.99,45.52,46.0,5109500.0,243000000.0,48.6,1600,48.57,900,48.54,1300,48.53,2100,48.52,600,48.61,700,48.62,400,48.63,900,48.65,700,48.66,3600,HOLD
1780451384797,09:49:42,48.61,46.85,48.99,45.52,46.0,5114700.0,243250000.0,48.61,5100,48.53,1000,48.5,3400,48.48,800,48.47,1300,48.66,2300,48.67,6500,48.69,1800,48.7,2500,48.72,800,HOLD
1780451387815,09:49:45,48.65,46.85,48.99,45.52,46.0,5116200.0,243330000.0,48.62,3200,48.61,200,48.53,1000,48.5,3400,48.48,800,48.65,300,48.66,2300,48.67,6600,48.69,1800,48.7,2500,HOLD
1780451390817,09:49:48,48.62,46.85,48.99,45.52,46.0,5118600.0,243440000.0,48.62,2900,48.61,200,48.53,1000,48.5,3700,48.48,800,48.63,3500,48.65,900,48.66,2300,48.67,6600,48.69,1600,HOLD
1780451393822,09:49:51,48.63,46.85,48.99,45.52,46.0,5120800.0,243550000.0,48.62,2900,48.61,200,48.6,800,48.54,2000,48.53,1000,48.63,1300,48.65,900,48.66,2600,48.67,6500,48.69,1600,HOLD
1780451397066,09:49:54,48.64,46.85,48.99,45.52,46.0,5126900.0,243850000.0,48.64,3100,48.62,3100,48.61,700,48.6,1200,48.54,2000,48.65,200,48.66,2700,48.67,6500,48.68,200,48.69,1700,HOLD
1780451400185,09:49:57,48.64,46.85,48.99,45.52,46.0,5130200.0,244010000.0,48.64,900,48.62,3100,48.61,700,48.6,1200,48.54,2000,48.66,2700,48.67,6500,48.68,200,48.69,1700,48.7,2500,HOLD
1780451403078,09:50:00,48.66,46.85,48.99,45.52,46.0,5131000.0,244050000.0,48.65,1600,48.64,3000,48.62,3100,48.61,700,48.6,1200,48.66,3500,48.67,6500,48.68,200,48.69,1800,48.7,2600,HOLD
1780451408964,09:50:03,48.65,46.85,48.99,45.52,46.0,5137600.0,244370000.0,48.64,2900,48.62,3100,48.61,700,48.6,1200,48.54,2000,48.65,400,48.66,4000,48.67,6500,48.68,200,48.69,1800,HOLD
1780451412160,09:50:06,48.64,46.85,48.99,45.52,46.0,5138700.0,244420000.0,48.62,3100,48.61,700,48.6,1200,48.54,2000,48.53,1000,48.64,700,48.65,1300,48.66,4600,48.67,6500,48.68,200,HOLD
1780451414960,09:50:12,48.64,46.85,48.99,45.52,46.0,5145700.0,244760000.0,48.62,100,48.61,100,48.6,1200,48.54,2000,48.53,1000,48.64,2400,48.65,5200,48.66,4600,48.67,6500,48.68,200,HOLD
1780451418153,09:50:15,48.64,46.85,48.99,45.52,46.0,5147400.0,244840000.0,48.61,400,48.6,1200,48.54,2000,48.53,1000,48.5,4200,48.62,1700,48.64,1600,48.65,5200,48.66,4700,48.67,6500,HOLD
1780451421072,09:50:18,48.64,46.85,48.99,45.52,46.0,5153500.0,245140000.0,48.64,3300,48.63,300,48.62,100,48.61,700,48.6,1200,48.65,3300,48.66,4600,48.67,11100,48.68,200,48.69,1800,HOLD
1780451424054,09:50:21,48.65,46.85,48.99,45.52,46.0,5161600.0,245540000.0,48.64,200,48.63,400,48.62,100,48.61,700,48.6,600,48.65,400,48.66,4800,48.67,11100,48.68,200,48.69,1800,HOLD
1780451427062,09:50:24,48.64,46.85,48.99,45.52,46.0,5163100.0,245610000.0,48.63,300,48.62,100,48.61,700,48.6,16100,48.54,2000,48.64,400,48.65,1100,48.66,4800,48.67,11000,48.68,200,HOLD
1780451429973,09:50:27,48.64,46.85,48.99,45.52,46.0,5163800.0,245640000.0,48.63,600,48.62,100,48.61,700,48.6,16100,48.54,2000,48.64,1800,48.65,800,48.66,5800,48.67,11100,48.68,200,HOLD
1780451433091,09:50:30,48.63,46.85,48.99,45.52,46.0,5165300.0,245720000.0,48.63,1000,48.61,500,48.6,16100,48.54,2000,48.53,1000,48.64,1700,48.65,1900,48.66,6200,48.67,11300,48.68,200,HOLD
1780451436084,09:50:33,48.61,46.85,48.99,45.52,46.0,5167200.0,245810000.0,48.6,16600,48.54,2000,48.53,1000,48.5,4200,48.48,800,48.63,600,48.64,6100,48.65,1900,48.66,6200,48.67,11300,HOLD
1780451439123,09:50:36,48.64,46.85,48.99,45.52,46.0,5168700.0,245880000.0,48.63,2100,48.62,1900,48.61,100,48.6,24300,48.54,2000,48.64,6000,48.65,2700,48.66,6300,48.67,11300,48.68,200,HOLD
1780451442107,09:50:39,48.66,46.85,48.99,45.52,46.0,5180200.0,246440000.0,48.65,3300,48.64,3000,48.63,6300,48.62,1900,48.61,100,48.66,5700,48.67,11300,48.68,200,48.69,1800,48.7,2900,HOLD
1780451445107,09:50:42,48.65,46.85,48.99,45.52,46.0,5188000.0,246820000.0,48.66,4100,48.65,11800,48.64,2500,48.63,6500,48.62,1900,48.67,10800,48.68,200,48.69,1800,48.7,2900,48.71,200,HOLD
1780451448065,09:50:45,48.7,46.85,48.99,45.52,46.0,5202700.0,247540000.0,48.68,1200,48.67,1900,48.66,4800,48.65,11900,48.64,2400,48.7,1900,48.71,200,48.72,500,48.75,1100,48.77,10400,HOLD
1780451450987,09:50:48,48.7,46.85,48.99,45.52,46.0,5205900.0,247690000.0,48.7,1000,48.68,500,48.67,2000,48.66,5000,48.65,12000,48.71,200,48.72,500,48.75,1100,48.77,10400,48.78,3700,HOLD
1780451454125,09:50:51,48.7,46.85,48.99,45.52,46.0,5207100.0,247750000.0,48.71,200,48.7,1000,48.68,500,48.67,2200,48.66,7000,48.72,500,48.75,1100,48.77,10400,48.78,3700,48.79,500,HOLD
1780451457175,09:50:54,48.72,46.85,48.99,45.52,46.0,5208200.0,247800000.0,48.74,1100,48.73,100,48.72,700,48.71,700,48.7,1200,48.75,1000,48.77,10400,48.78,3700,48.79,500,48.8,31300,HOLD
1780451460188,09:50:57,48.74,46.85,48.99,45.52,46.0,5212000.0,247990000.0,48.73,100,48.72,700,48.71,700,48.7,1200,48.68,500,48.77,10300,48.78,3700,48.79,500,48.8,31300,48.81,100,HOLD
1780451463085,09:51:00,48.77,46.85,48.99,45.52,46.0,5212300.0,248000000.0,48.73,400,48.72,600,48.71,700,48.7,1100,48.68,500,48.77,11400,48.78,3700,48.79,500,48.8,31300,48.81,100,HOLD
1780451466206,09:51:03,48.77,46.85,48.99,45.52,46.0,5218000.0,248280000.0,48.74,4600,48.72,300,48.71,700,48.7,900,48.68,500,48.77,10600,48.78,3700,48.79,700,48.8,31200,48.81,100,HOLD
1780451472194,09:51:09,48.77,46.85,48.99,45.52,46.0,5221800.0,248470000.0,48.74,5500,48.72,200,48.71,700,48.7,800,48.67,600,48.77,10800,48.78,4300,48.79,700,48.8,31300,48.81,100,HOLD
1780451475189,09:51:12,48.73,46.85,48.99,45.52,46.0,5230100.0,248870000.0,48.72,400,48.71,700,48.7,1300,48.67,600,48.66,4000,48.74,2500,48.75,500,48.77,10700,48.78,4300,48.79,700,HOLD
1780451478150,09:51:15,48.74,46.85,48.99,45.52,46.0,5230600.0,248900000.0,48.71,700,48.7,1300,48.67,600,48.66,4000,48.65,13000,48.72,200,48.73,200,48.74,2300,48.75,500,48.77,2600,HOLD
1780451481244,09:51:18,48.71,46.85,48.99,45.52,46.0,5231300.0,248930000.0,48.71,600,48.7,1700,48.67,600,48.66,4000,48.65,13000,48.73,200,48.74,2300,48.75,500,48.76,200,48.77,2600,HOLD
1780451484192,09:51:21,48.72,46.85,48.99,45.52,46.0,5231400.0,248930000.0,48.72,2600,48.71,600,48.7,1500,48.67,600,48.66,6500,48.73,6700,48.74,2300,48.75,500,48.76,200,48.77,2700,HOLD
1780451487220,09:51:24,48.73,46.85,48.99,45.52,46.0,5233200.0,249020000.0,48.72,4600,48.71,600,48.7,1500,48.67,600,48.66,7300,48.73,5500,48.74,2300,48.75,500,48.76,200,48.77,3800,HOLD
1780451490215,09:51:27,48.72,46.85,48.99,45.52,46.0,5234800.0,249100000.0,48.72,5000,48.71,600,48.7,1500,48.67,600,48.66,7300,48.73,5100,48.74,2500,48.75,500,48.76,200,48.77,4000,HOLD
1780451493225,09:51:30,48.72,46.85,48.99,45.52,46.0,5241600.0,249430000.0,48.71,100,48.7,500,48.67,200,48.66,7300,48.65,13000,48.72,4100,48.73,5200,48.74,1100,48.75,500,48.76,200,HOLD
1780451496259,09:51:33,48.72,46.85,48.99,45.52,46.0,5244300.0,249560000.0,48.7,100,48.67,200,48.66,7300,48.65,13000,48.64,1600,48.72,100,48.73,5200,48.74,1100,48.75,500,48.76,200,HOLD
1780451499213,09:51:36,48.72,46.85,48.99,45.52,46.0,5246300.0,249660000.0,48.71,400,48.7,300,48.67,200,48.66,7300,48.65,11700,48.72,1500,48.73,5900,48.74,1100,48.75,600,48.76,200,HOLD
1780451502213,09:51:39,48.7,46.85,48.99,45.52,46.0,5247400.0,249710000.0,48.7,200,48.67,200,48.66,4800,48.65,11700,48.64,1600,48.71,300,48.72,3300,48.73,5900,48.74,1100,48.75,600,HOLD
1780451505186,09:51:42,48.65,46.85,48.99,45.52,46.0,5270100.0,250820000.0,48.64,700,48.63,3500,48.6,25400,48.57,300,48.54,2100,48.65,2200,48.66,1700,48.7,900,48.71,600,48.72,6600,HOLD
1780451508192,09:51:45,48.57,46.85,48.99,45.52,46.0,5301200.0,252330000.0,48.54,2100,48.53,1000,48.5,2100,48.48,800,48.47,1300,48.59,100,48.6,700,48.63,600,48.64,400,48.65,1300,HOLD
1780451511214,09:51:48,48.58,46.85,48.99,45.52,46.0,5307100.0,252620000.0,48.48,800,48.47,1300,48.46,800,48.45,300,48.43,300,48.59,700,48.6,700,48.63,600,48.64,700,48.65,1200,HOLD
1780451517251,09:51:54,48.58,46.85,48.99,45.52,46.0,5308600.0,252690000.0,48.5,200,48.49,1900,48.48,1300,48.47,1300,48.46,800,48.57,100,48.58,900,48.59,700,48.6,700,48.63,600,HOLD
1780451520230,09:51:57,48.5,46.85,48.99,45.52,46.0,5310800.0,252800000.0,48.5,1100,48.49,1900,48.48,1300,48.47,1300,48.46,800,48.58,300,48.59,700,48.6,700,48.63,600,48.64,700,HOLD
1780451523217,09:52:00,48.51,46.85,48.99,45.52,46.0,5316100.0,253050000.0,48.54,700,48.51,400,48.5,400,48.49,1900,48.48,1300,48.58,1300,48.59,700,48.6,700,48.63,900,48.64,700,HOLD
1780451526206,09:52:03,48.54,46.85,48.99,45.52,46.0,5318300.0,253160000.0,48.54,300,48.51,400,48.5,400,48.49,1900,48.48,1300,48.57,200,48.58,1000,48.59,700,48.6,7800,48.63,900,HOLD
1780451532273,09:52:09,48.48,46.85,48.99,45.52,46.0,5337700.0,254100000.0,48.47,1600,48.46,800,48.45,300,48.43,2800,48.4,400,48.48,12200,48.49,200,48.5,100,48.54,1100,48.58,6300,HOLD
1780451538312,09:52:15,48.47,46.85,48.99,45.52,46.0,5380500.0,256180000.0,48.46,1300,48.45,300,48.43,2800,48.4,500,48.38,300,48.47,1800,48.54,1300,48.55,100,48.58,5300,48.59,700,HOLD
1780451541261,09:52:18,48.47,46.85,48.99,45.52,46.0,5384800.0,256380000.0,48.49,100,48.48,100,48.47,500,48.46,2000,48.45,300,48.54,1300,48.58,5300,48.59,3700,48.6,8200,48.63,900,HOLD
1780451544306,09:52:21,48.5,46.85,48.99,45.52,46.0,5385300.0,256410000.0,48.5,900,48.49,800,48.48,200,48.47,500,48.46,1900,48.52,200,48.53,200,48.54,3800,48.55,1000,48.58,5300,HOLD
1780451547315,09:52:24,48.49,46.85,48.99,45.52,46.0,5387000.0,256490000.0,48.49,400,48.48,500,48.47,500,48.46,2700,48.43,2800,48.5,1600,48.52,200,48.53,200,48.54,3800,48.55,1000,HOLD
1780451550321,09:52:27,48.55,46.85,48.99,45.52,46.0,5412000.0,257700000.0,48.55,4200,48.53,900,48.52,1900,48.5,400,48.49,1300,48.58,5300,48.59,3700,48.6,8300,48.63,900,48.64,400,HOLD
1780451553322,09:52:30,48.58,46.85,48.99,45.52,46.0,5416000.0,257900000.0,48.57,200,48.56,2500,48.55,2400,48.53,900,48.52,2000,48.58,4400,48.59,3700,48.6,8300,48.63,900,48.64,400,HOLD
1780451556310,09:52:33,48.57,46.85,48.99,45.52,46.0,5421200.0,258150000.0,48.57,700,48.56,2900,48.55,2400,48.53,900,48.52,200,48.59,3700,48.6,10300,48.63,300,48.64,400,48.65,1200,HOLD
1780451559328,09:52:36,48.59,46.85,48.99,45.52,46.0,5424100.0,258290000.0,48.58,1000,48.57,200,48.56,2900,48.55,2900,48.53,900,48.59,3200,48.6,10400,48.63,300,48.64,400,48.65,1200,HOLD
1780451562340,09:52:39,48.6,46.85,48.99,45.52,46.0,5428800.0,258520000.0,48.59,1300,48.58,3300,48.57,200,48.56,2900,48.55,2900,48.6,9100,48.63,300,48.64,400,48.65,1200,48.66,1700,HOLD
1780451565353,09:52:42,48.58,46.85,48.99,45.52,46.0,5434900.0,258820000.0,48.58,3500,48.57,200,48.56,2900,48.55,2900,48.52,100,48.6,5300,48.63,300,48.64,400,48.65,1100,48.66,1700,HOLD
1780451568324,09:52:45,48.6,46.85,48.99,45.52,46.0,5435100.0,258830000.0,48.58,3600,48.57,200,48.56,2000,48.55,500,48.52,100,48.6,5800,48.63,300,48.64,400,48.65,1100,48.66,1700,HOLD
1780451571328,09:52:48,48.6,46.85,48.99,45.52,46.0,5436000.0,258870000.0,48.58,3400,48.57,200,48.56,2000,48.55,500,48.52,100,48.6,5200,48.63,300,48.64,400,48.65,1200,48.66,1700,HOLD
1780451574368,09:52:51,48.59,46.85,48.99,45.52,46.0,5438000.0,258970000.0,48.58,3300,48.57,200,48.56,2000,48.55,500,48.52,600,48.6,3900,48.63,300,48.64,400,48.65,1200,48.66,1700,HOLD
1780451577375,09:52:54,48.6,46.85,48.99,45.52,46.0,5443900.0,259250000.0,48.62,2100,48.6,1100,48.59,900,48.58,3600,48.57,200,48.63,300,48.64,400,48.65,1200,48.66,2700,48.68,200,HOLD
1780451580382,09:52:57,48.63,46.85,48.99,45.52,46.0,5446400.0,259370000.0,48.63,200,48.62,1100,48.6,1200,48.59,900,48.58,3400,48.64,300,48.65,1200,48.66,2700,48.68,200,48.7,6500,HOLD
1780451583397,09:53:00,48.6,46.85,48.99,45.52,46.0,5450900.0,259590000.0,48.61,400,48.6,1100,48.59,900,48.58,3300,48.57,200,48.62,600,48.64,700,48.65,1300,48.66,2700,48.68,200,HOLD
1780451586373,09:53:03,48.62,46.85,48.99,45.52,46.0,5452200.0,259660000.0,48.61,300,48.6,2300,48.59,900,48.58,3300,48.57,200,48.62,100,48.63,500,48.64,700,48.65,1300,48.66,2700,HOLD
1780451589420,09:53:06,48.62,46.85,48.99,45.52,46.0,5453200.0,259710000.0,48.61,100,48.6,2400,48.59,900,48.58,3200,48.57,200,48.62,100,48.63,400,48.65,1300,48.66,2700,48.68,600,HOLD
1780451592423,09:53:09,48.6,46.85,48.99,45.52,46.0,5454100.0,259750000.0,48.6,2100,48.59,900,48.58,1300,48.57,200,48.56,1800,48.61,500,48.62,300,48.63,500,48.65,1800,48.66,2700,HOLD
1780451595441,09:53:12,48.65,46.85,48.99,45.52,46.0,5456700.0,259880000.0,48.6,2100,48.59,900,48.58,1300,48.57,200,48.56,1800,48.61,900,48.65,1000,48.66,2700,48.68,600,48.7,6600,HOLD
1780451598418,09:53:15,48.61,46.85,48.99,45.52,46.0,5457800.0,259930000.0,48.6,1300,48.58,1000,48.57,200,48.56,1800,48.52,500,48.61,600,48.64,500,48.65,1000,48.66,3200,48.68,600,HOLD
1780451601440,09:53:18,48.6,46.85,48.99,45.52,46.0,5460700.0,260070000.0,48.58,900,48.57,200,48.56,1800,48.52,500,48.5,1200,48.6,1900,48.63,1100,48.64,500,48.65,1200,48.66,3200,HOLD
1780451604395,09:53:21,48.61,46.85,48.99,45.52,46.0,5464100.0,260240000.0,48.58,900,48.57,200,48.56,1800,48.52,1000,48.5,1200,48.6,2200,48.61,100,48.63,1100,48.64,500,48.65,1200,HOLD
1780451607478,09:53:24,48.6,46.85,48.99,45.52,46.0,5464200.0,260240000.0,48.59,1400,48.58,900,48.57,200,48.56,1800,48.52,1000,48.6,2300,48.61,200,48.63,1100,48.64,500,48.65,2100,HOLD
1780451610481,09:53:27,48.59,46.85,48.99,45.52,46.0,5464300.0,260240000.0,48.59,1300,48.58,900,48.57,500,48.56,1800,48.52,1000,48.6,2500,48.61,300,48.63,1100,48.64,700,48.65,2100,HOLD
1780451613482,09:53:30,48.57,46.85,48.99,45.52,46.0,5467300.0,260390000.0,48.56,1800,48.52,1000,48.5,1400,48.49,2400,48.48,100,48.57,300,48.58,600,48.59,300,48.6,2800,48.61,300,HOLD
1780451616445,09:53:33,48.56,46.85,48.99,45.52,46.0,5469100.0,260480000.0,48.52,1000,48.5,1400,48.49,2400,48.48,100,48.47,400,48.55,1200,48.56,300,48.57,500,48.59,600,48.6,2800,HOLD
1780451619486,09:53:36,48.53,46.85,48.99,45.52,46.0,5470500.0,260550000.0,48.52,1000,48.5,1400,48.49,2400,48.48,100,48.47,400,48.53,100,48.55,1000,48.56,400,48.57,500,48.59,1100,HOLD
1780451622521,09:53:39,48.52,46.85,48.99,45.52,46.0,5472500.0,260640000.0,48.5,1400,48.49,2400,48.48,100,48.47,400,48.46,1800,48.52,1800,48.55,100,48.56,400,48.57,500,48.59,1000,HOLD
1780451625525,09:53:42,48.5,46.85,48.99,45.52,46.0,5472600.0,260650000.0,48.51,200,48.5,1300,48.49,2400,48.48,100,48.47,400,48.52,2000,48.53,300,48.56,300,48.57,500,48.59,2500,HOLD
1780451628540,09:53:45,48.5,46.85,48.99,45.52,46.0,5474200.0,260730000.0,48.49,2400,48.48,100,48.47,400,48.46,1800,48.44,200,48.5,3500,48.52,2000,48.53,300,48.56,300,48.57,500,HOLD
1780451631519,09:53:48,48.49,46.85,48.99,45.52,46.0,5477900.0,260900000.0,48.49,1800,48.48,100,48.47,400,48.46,1800,48.44,200,48.5,6300,48.51,3000,48.52,2000,48.53,300,48.55,100,HOLD
1780451634535,09:53:51,48.49,46.85,48.99,45.52,46.0,5479500.0,260980000.0,48.49,200,48.48,100,48.47,400,48.46,1800,48.44,200,48.5,8300,48.51,2500,48.52,2000,48.53,300,48.55,100,HOLD
1780451637526,09:53:54,48.48,46.85,48.99,45.52,46.0,5481700.0,261090000.0,48.46,1800,48.44,200,48.43,2800,48.41,1100,48.4,700,48.47,400,48.48,500,48.49,3000,48.5,8500,48.51,500,HOLD
1780451640558,09:53:57,48.47,46.85,48.99,45.52,46.0,5482400.0,261120000.0,48.46,3100,48.44,200,48.43,2800,48.41,1100,48.4,700,48.48,500,48.49,6000,48.5,4800,48.51,600,48.52,200,HOLD
1780451643567,09:54:00,48.46,46.85,48.99,45.52,46.0,5486600.0,261330000.0,48.44,200,48.43,2800,48.41,1100,48.4,700,48.39,100,48.46,3200,48.47,200,48.48,100,48.49,6200,48.5,4900,HOLD
1780451646555,09:54:03,48.45,46.85,48.99,45.52,46.0,5487000.0,261350000.0,48.45,2100,48.44,300,48.43,2800,48.41,1100,48.4,700,48.46,6700,48.47,200,48.48,200,48.49,7200,48.5,5400,HOLD
1780451649559,09:54:06,48.45,46.85,48.99,45.52,46.0,5489800.0,261480000.0,48.44,100,48.43,2800,48.41,1100,48.4,1100,48.39,100,48.46,11000,48.48,100,48.49,4700,48.5,5400,48.51,1000,HOLD
1780451652528,09:54:09,48.45,46.85,48.99,45.52,46.0,5493200.0,261650000.0,48.43,8300,48.41,1100,48.4,1100,48.39,100,48.38,800,48.45,3500,48.46,6800,48.48,100,48.49,4400,48.5,5600,HOLD
1780451655583,09:54:12,48.45,46.85,48.99,45.52,46.0,5494200.0,261690000.0,48.43,8200,48.41,1100,48.4,1100,48.39,100,48.38,800,48.45,3000,48.46,9100,48.48,200,48.49,4300,48.5,5600,HOLD
1780451658585,09:54:15,48.45,46.85,48.99,45.52,46.0,5499700.0,261960000.0,48.43,3000,48.41,1100,48.4,1100,48.39,100,48.38,800,48.45,4000,48.46,9000,48.48,200,48.49,4600,48.5,5600,HOLD
1780451661592,09:54:18,48.43,46.85,48.99,45.52,46.0,5503300.0,262140000.0,48.41,1100,48.4,1100,48.39,100,48.38,800,48.33,100,48.43,4300,48.44,100,48.45,5400,48.46,8300,48.48,200,HOLD
1780451664595,09:54:21,48.41,46.85,48.99,45.52,46.0,5505600.0,262250000.0,48.41,1000,48.4,1100,48.39,100,48.38,800,48.33,100,48.43,3800,48.44,700,48.45,5400,48.46,8100,48.48,200,HOLD
1780451667579,09:54:24,48.43,46.85,48.99,45.52,46.0,5506200.0,262280000.0,48.41,3100,48.4,1100,48.39,600,48.38,800,48.33,100,48.43,11600,48.44,700,48.45,5400,48.46,6100,48.48,200,HOLD
1780451670621,09:54:27,48.39,46.85,48.99,45.52,46.0,5512200.0,262570000.0,48.39,100,48.38,800,48.33,100,48.3,2200,48.28,100,48.4,500,48.41,8800,48.42,600,48.43,12700,48.44,100,HOLD
1780451673622,09:54:30,48.38,46.85,48.99,45.52,46.0,5512800.0,262600000.0,48.38,1500,48.33,100,48.3,2200,48.28,100,48.27,100,48.39,400,48.4,800,48.41,9600,48.42,900,48.43,4700,HOLD
1780451676613,09:54:33,48.41,46.85,48.99,45.52,46.0,5517900.0,262840000.0,48.39,100,48.38,1700,48.33,100,48.3,2200,48.28,100,48.41,7300,48.42,900,48.43,5100,48.44,300,48.45,6400,HOLD
1780451679618,09:54:36,48.38,46.85,48.99,45.52,46.0,5520600.0,262970000.0,48.33,100,48.3,2200,48.28,100,48.27,100,48.21,100,48.38,1600,48.39,300,48.41,1100,48.42,600,48.43,5100,HOLD
1780451682615,09:54:39,48.35,46.85,48.99,45.52,46.0,5522500.0,263060000.0,48.34,1200,48.33,100,48.3,2200,48.28,100,48.27,100,48.35,2500,48.37,100,48.38,1700,48.39,600,48.4,2200,HOLD
1780451685588,09:54:42,48.38,46.85,48.99,45.52,46.0,5526800.0,263270000.0,48.36,200,48.35,900,48.34,1300,48.33,100,48.3,2200,48.38,1800,48.39,400,48.4,2500,48.41,1700,48.42,600,HOLD
1780451688657,09:54:45,48.35,46.85,48.99,45.52,46.0,5529100.0,263380000.0,48.35,600,48.34,1300,48.33,100,48.3,2200,48.28,100,48.38,2000,48.39,14900,48.4,2500,48.41,1300,48.42,600,HOLD
1780451691662,09:54:48,48.36,46.85,48.99,45.52,46.0,5536800.0,263760000.0,48.34,600,48.3,700,48.28,100,48.27,100,48.21,100,48.36,400,48.37,200,48.38,9000,48.39,14900,48.4,2500,HOLD
1780451697705,09:54:54,48.32,46.85,48.99,45.52,46.0,5541100.0,263960000.0,48.31,800,48.3,700,48.28,100,48.27,100,48.21,100,48.34,4600,48.35,1000,48.36,7600,48.37,200,48.38,9000,HOLD
1780451700643,09:54:57,48.31,46.85,48.99,45.52,46.0,5555700.0,264670000.0,48.3,3300,48.28,100,48.27,100,48.21,100,48.2,600,48.31,1400,48.34,4500,48.35,14000,48.36,7500,48.37,200,HOLD
1780451703709,09:55:00,48.3,46.85,48.99,45.52,46.0,5565200.0,265130000.0,48.3,2800,48.28,100,48.27,100,48.21,100,48.2,600,48.31,2500,48.32,2000,48.34,3300,48.35,13900,48.36,7500,HOLD
1780451706717,09:55:03,48.31,46.85,48.99,45.52,46.0,5577500.0,265720000.0,48.26,2100,48.24,300,48.23,700,48.22,1100,48.21,100,48.31,600,48.32,2000,48.34,3700,48.35,14100,48.36,6600,HOLD
1780451709721,09:55:06,48.3,46.85,48.99,45.52,46.0,5585500.0,266110000.0,48.27,1000,48.26,2300,48.23,600,48.21,100,48.2,600,48.3,1100,48.31,100,48.34,4800,48.35,14000,48.36,6500,HOLD
1780451712725,09:55:09,48.27,46.85,48.99,45.52,46.0,5586900.0,266180000.0,48.28,400,48.27,300,48.26,2300,48.21,100,48.2,600,48.3,2200,48.31,12900,48.34,4800,48.35,14000,48.36,6500,HOLD
1780451715711,09:55:12,48.28,46.85,48.99,45.52,46.0,5591800.0,266410000.0,48.28,1800,48.27,800,48.26,100,48.21,100,48.2,600,48.3,3900,48.31,15700,48.34,4300,48.35,14000,48.36,6500,HOLD
1780451718753,09:55:15,48.28,46.85,48.99,45.52,46.0,5598600.0,266740000.0,48.27,800,48.21,100,48.2,600,48.1,600,48.08,800,48.28,5300,48.3,3800,48.31,16800,48.34,4300,48.35,14000,HOLD
1780451721770,09:55:18,48.27,46.85,48.99,45.52,46.0,5600300.0,266820000.0,48.22,200,48.21,1200,48.2,1600,48.1,600,48.08,800,48.24,1500,48.27,700,48.28,9100,48.3,2200,48.31,9000,HOLD
1780451724768,09:55:21,48.23,46.85,48.99,45.52,46.0,5604100.0,267010000.0,48.22,1000,48.21,1200,48.2,1600,48.1,600,48.08,800,48.23,200,48.27,3700,48.28,10200,48.3,3200,48.31,9000,HOLD
1780451727882,09:55:24,48.23,46.85,48.99,45.52,46.0,5605300.0,267060000.0,48.23,900,48.22,5300,48.21,1200,48.2,2600,48.1,600,48.27,3900,48.28,10300,48.3,2400,48.31,7900,48.34,2800,HOLD
1780451730767,09:55:27,48.34,46.85,48.99,45.52,46.0,5635500.0,268520000.0,48.3,7600,48.29,2100,48.28,4000,48.24,2300,48.23,500,48.34,800,48.35,13300,48.36,500,48.37,200,48.39,600,HOLD
1780451733800,09:55:30,48.39,46.85,48.99,45.52,46.0,5655800.0,269500000.0,48.35,100,48.34,300,48.32,8600,48.3,7600,48.29,1800,48.39,300,48.4,200,48.41,600,48.43,1600,48.45,1500,HOLD
1780451736740,09:55:33,48.41,46.85,48.99,45.52,46.0,5658300.0,269630000.0,48.4,1500,48.39,400,48.35,100,48.32,8600,48.3,10600,48.41,500,48.43,1600,48.45,1500,48.46,5400,48.48,1100,HOLD
1780451739743,09:55:36,48.41,46.85,48.99,45.52,46.0,5659400.0,269680000.0,48.41,400,48.4,1900,48.39,400,48.32,8600,48.3,10600,48.43,1200,48.45,1300,48.46,5400,48.48,1100,48.49,2100,HOLD
1780451742747,09:55:39,48.4,46.85,48.99,45.52,46.0,5662700.0,269840000.0,48.39,500,48.35,100,48.32,8600,48.3,10600,48.29,1800,48.4,900,48.41,600,48.43,1000,48.45,1300,48.46,5400,HOLD
1780451745760,09:55:42,48.46,46.85,48.99,45.52,46.0,5667400.0,270070000.0,48.44,1300,48.43,2300,48.42,400,48.41,1400,48.4,17200,48.46,5300,48.48,1100,48.49,2100,48.5,7900,48.52,100,HOLD
1780451748766,09:55:45,48.46,46.85,48.99,45.52,46.0,5668300.0,270110000.0,48.45,3000,48.44,1300,48.43,2300,48.42,400,48.41,1400,48.46,4700,48.47,100,48.48,1100,48.49,2100,48.5,8100,HOLD
1780451751774,09:55:48,48.44,46.85,48.99,45.52,46.0,5679000.0,270630000.0,48.43,2400,48.42,400,48.41,1400,48.4,22200,48.39,700,48.46,6600,48.47,100,48.48,1100,48.49,2100,48.5,8100,HOLD
1780451754774,09:55:51,48.48,46.85,48.99,45.52,46.0,5691600.0,271240000.0,48.47,100,48.46,1900,48.45,4500,48.44,400,48.43,2300,48.49,3100,48.5,8100,48.52,100,48.53,300,48.55,100,HOLD
1780451757770,09:55:54,48.56,46.85,48.99,45.52,46.0,5703700.0,271830000.0,48.57,300,48.56,2100,48.55,100,48.53,300,48.51,900,48.59,1800,48.6,7400,48.63,100,48.64,200,48.65,1700,HOLD
1780451760782,09:55:57,48.6,46.85,48.99,45.52,46.0,5706000.0,271940000.0,48.58,100,48.57,500,48.56,2100,48.53,300,48.51,900,48.6,6900,48.63,100,48.64,200,48.65,1700,48.66,2200,HOLD
1780451763795,09:56:00,48.6,46.85,48.99,45.52,46.0,5706800.0,271980000.0,48.59,100,48.58,400,48.57,500,48.56,2100,48.53,300,48.6,6100,48.61,100,48.63,100,48.64,200,48.65,1700,HOLD
1780451766803,09:56:03,48.6,46.85,48.99,45.52,46.0,5708000.0,272030000.0,48.59,400,48.58,400,48.57,500,48.53,300,48.51,900,48.6,5200,48.61,100,48.63,100,48.64,200,48.65,1700,HOLD
1780451769817,09:56:06,48.64,46.85,48.99,45.52,46.0,5715300.0,272390000.0,48.64,700,48.6,6500,48.59,400,48.58,400,48.57,100,48.65,1700,48.66,2200,48.68,400,48.69,300,48.7,6300,HOLD
1780451772825,09:56:09,48.64,46.85,48.99,45.52,46.0,5715900.0,272420000.0,48.64,500,48.6,7100,48.59,200,48.58,400,48.57,100,48.65,1900,48.66,2200,48.68,400,48.69,300,48.7,6300,HOLD
1780451775828,09:56:12,48.68,46.85,48.99,45.52,46.0,5722800.0,272750000.0,48.66,300,48.65,3300,48.64,19000,48.6,7100,48.59,200,48.68,300,48.69,300,48.7,6400,48.72,1100,48.74,200,HOLD
1780451778835,09:56:15,48.7,46.85,48.99,45.52,46.0,5724300.0,272830000.0,48.69,2700,48.68,100,48.67,1200,48.66,500,48.65,6000,48.7,5600,48.72,1100,48.74,200,48.75,900,48.76,300,HOLD
1780451781840,09:56:18,48.9,46.85,48.99,45.52,46.0,5789100.0,275990000.0,48.89,800,48.88,200,48.87,900,48.86,4400,48.85,100,48.9,3900,48.91,500,48.92,200,48.93,2200,48.94,200,HOLD
1780451784855,09:56:21,48.93,46.85,48.99,45.52,46.0,5797100.0,276380000.0,48.91,1300,48.9,1000,48.88,4100,48.87,900,48.86,4400,48.93,400,48.94,200,48.95,4300,48.96,23300,48.97,3200,HOLD
1780451787854,09:56:24,48.91,46.85,48.99,45.52,46.0,5800200.0,276530000.0,48.91,500,48.9,1000,48.88,4100,48.87,900,48.86,2100,48.94,800,48.95,4300,48.96,23300,48.97,3200,48.98,4800,HOLD
1780451790860,09:56:27,48.91,46.85,48.99,45.52,46.0,5802500.0,276650000.0,48.9,100,48.88,4100,48.85,100,48.84,31400,48.83,24300,48.91,800,48.92,600,48.93,1400,48.95,4300,48.96,23400,HOLD
1780451793876,09:56:30,48.88,46.85,48.99,45.52,46.0,5812200.0,277120000.0,48.85,100,48.84,11800,48.83,15400,48.82,400,48.81,100,48.9,5700,48.91,4300,48.95,3500,48.96,23400,48.97,3200,HOLD
1780451796881,09:56:33,48.9,46.85,48.99,45.52,46.0,5818200.0,277410000.0,48.82,300,48.81,100,48.8,4700,48.79,2300,48.77,22200,48.9,6100,48.91,9700,48.92,1000,48.95,3500,48.96,23400,HOLD
1780451799889,09:56:36,48.9,46.85,48.99,45.52,46.0,5827800.0,277880000.0,48.82,500,48.81,100,48.8,4700,48.79,2300,48.77,22200,48.88,200,48.9,4100,48.91,9700,48.92,1000,48.93,400,HOLD
1780451802894,09:56:39,48.9,46.85,48.99,45.52,46.0,5831000.0,278040000.0,48.84,900,48.83,100,48.82,500,48.81,100,48.8,4700,48.9,3800,48.91,10500,48.92,1000,48.93,400,48.95,3700,HOLD
1780451805907,09:56:42,48.87,46.85,48.99,45.52,46.0,5841900.0,278570000.0,48.87,100,48.84,3100,48.83,100,48.82,500,48.81,100,48.9,11100,48.91,6300,48.92,1000,48.93,400,48.95,3900,HOLD
1780451808920,09:56:45,48.87,46.85,48.99,45.52,46.0,5842900.0,278620000.0,48.84,2700,48.83,100,48.82,500,48.81,100,48.8,100,48.87,100,48.89,2000,48.9,14000,48.91,6300,48.92,1000,HOLD
1780451811933,09:56:48,48.99,46.85,49.02,45.52,46.0,6005900.0,286600000.0,48.99,1900,48.98,500,48.97,1700,48.96,4700,48.92,500,49.05,1400,49.08,1200,49.09,800,49.1,5200,49.11,300,HOLD
1780451814945,09:56:51,49.0,46.85,49.02,45.52,46.0,6009400.0,286780000.0,49.0,400,48.98,300,48.96,3800,48.9,800,48.87,2600,49.05,1500,49.08,1200,49.09,800,49.1,5200,49.11,300,HOLD
1780451817953,09:56:57,48.98,46.85,49.02,45.52,46.0,6018800.0,287240000.0,48.9,300,48.87,500,48.84,1900,48.83,100,48.8,400,48.98,1100,48.99,1000,49.0,3900,49.05,5200,49.08,1200,HOLD
1780451823967,09:57:00,48.84,46.85,49.02,45.52,46.0,6031000.0,287830000.0,48.8,400,48.76,200,48.72,100,48.71,200,48.7,200,48.87,800,48.9,2500,48.98,1500,48.99,3800,49.0,6000,HOLD
1780451826969,09:57:03,48.87,46.85,49.02,45.52,46.0,6033300.0,287950000.0,48.77,200,48.76,200,48.72,100,48.7,200,48.69,1100,48.87,400,48.9,1500,48.95,400,48.98,1700,48.99,1000,HOLD
1780451829981,09:57:06,48.87,46.85,49.02,45.52,46.0,6033300.0,287950000.0,48.84,1600,48.8,200,48.77,400,48.76,200,48.72,100,48.87,500,48.95,400,48.98,1700,48.99,1000,49.0,7400,HOLD
1780451832996,09:57:09,48.87,46.85,49.02,45.52,46.0,6036200.0,288090000.0,48.87,500,48.86,1100,48.85,1200,48.84,1700,48.8,200,48.9,2000,48.95,200,48.98,1700,48.99,2700,49.0,9300,HOLD
1780451836003,09:57:12,48.86,46.85,49.02,45.52,46.0,6037200.0,288140000.0,48.86,600,48.85,1200,48.84,1700,48.8,500,48.77,900,48.88,200,48.89,1800,48.9,2000,48.95,200,48.98,1700,HOLD
1780451839015,09:57:15,48.84,46.85,49.02,45.52,46.0,6041600.0,288350000.0,48.8,500,48.77,900,48.76,200,48.72,100,48.7,1200,48.84,300,48.85,400,48.86,1100,48.87,5500,48.88,400,HOLD
1780451842161,09:57:18,48.7,46.85,49.02,45.52,46.0,6047300.0,288630000.0,48.7,400,48.69,1100,48.68,500,48.65,200,48.64,500,48.77,26700,48.79,1400,48.8,200,48.84,600,48.85,1500,HOLD
1780451845082,09:57:21,48.7,46.85,49.02,45.52,46.0,6048200.0,288670000.0,48.7,200,48.69,900,48.68,500,48.65,200,48.64,500,48.73,200,48.74,100,48.75,1200,48.76,4900,48.77,26700,HOLD
1780451848055,09:57:24,48.73,46.85,49.02,45.52,46.0,6048600.0,288690000.0,48.71,900,48.7,300,48.69,900,48.68,500,48.65,200,48.73,100,48.74,100,48.76,4900,48.77,26700,48.8,3000,HOLD
1780451851061,09:57:27,48.71,46.85,49.02,45.52,46.0,6049000.0,288710000.0,48.71,500,48.7,300,48.69,900,48.68,500,48.65,200,48.73,100,48.74,100,48.76,5400,48.77,26700,48.8,3000,HOLD
1780451854070,09:57:30,48.76,46.85,49.02,45.52,46.0,6052000.0,288860000.0,48.73,1000,48.71,900,48.7,3100,48.69,900,48.68,500,48.76,3700,48.77,26700,48.8,4000,48.84,600,48.85,1500,HOLD
1780451857083,09:57:33,48.76,46.85,49.02,45.52,46.0,6058500.0,289170000.0,48.75,2500,48.74,1300,48.73,16300,48.71,900,48.7,6200,48.76,100,48.77,26700,48.8,4000,48.84,600,48.85,1500,HOLD
1780451860098,09:57:36,48.76,46.85,49.02,45.52,46.0,6061300.0,289310000.0,48.75,2500,48.74,1300,48.73,16700,48.71,900,48.7,6200,48.76,800,48.77,24300,48.8,4000,48.84,600,48.85,1500,HOLD
1780451863110,09:57:39,48.75,46.85,49.02,45.52,46.0,6062000.0,289350000.0,48.75,2600,48.74,1300,48.73,16700,48.71,900,48.7,6200,48.76,400,48.77,24300,48.8,5000,48.84,600,48.85,1500,HOLD
1780451866114,09:57:42,48.77,46.85,49.02,45.52,46.0,6078500.0,290150000.0,48.76,900,48.75,2600,48.74,1300,48.73,16400,48.71,900,48.77,8700,48.8,2400,48.84,600,48.85,1500,48.87,2200,HOLD
1780451869117,09:57:45,48.77,46.85,49.02,45.52,46.0,6081900.0,290320000.0,48.75,3300,48.74,1300,48.73,200,48.71,900,48.7,16100,48.77,6900,48.8,2500,48.84,600,48.85,1500,48.87,2200,HOLD
1780451872124,09:57:48,48.74,46.85,49.02,45.52,46.0,6085500.0,290490000.0,48.73,200,48.71,900,48.7,16100,48.69,900,48.68,1000,48.74,800,48.75,5000,48.76,600,48.77,7200,48.8,2500,HOLD
1780451875129,09:57:51,48.76,46.85,49.02,45.52,46.0,6093400.0,290880000.0,48.76,800,48.71,800,48.7,16100,48.69,900,48.68,1000,48.77,7300,48.8,3000,48.84,500,48.85,1500,48.87,2200,HOLD
1780451878137,09:57:54,48.76,46.85,49.02,45.52,46.0,6094900.0,290950000.0,48.76,4800,48.74,600,48.71,800,48.7,16100,48.69,900,48.77,7300,48.8,3000,48.84,500,48.85,1500,48.87,2200,HOLD
1780451881141,09:57:57,48.76,46.85,49.02,45.52,46.0,6096300.0,291020000.0,48.76,3600,48.74,2300,48.71,800,48.7,16100,48.68,1000,48.77,7200,48.8,3000,48.84,500,48.85,2500,48.87,2200,HOLD
1780451884160,09:58:00,48.75,46.85,49.02,45.52,46.0,6100800.0,291240000.0,48.74,3300,48.71,800,48.7,16500,48.68,1000,48.66,3000,48.75,100,48.76,700,48.77,7400,48.8,3100,48.84,500,HOLD
1780451887172,09:58:03,48.77,46.85,49.02,45.52,46.0,6104100.0,291400000.0,48.76,1600,48.74,7800,48.71,800,48.7,17700,48.68,1000,48.77,7000,48.8,3100,48.84,500,48.85,2500,48.87,2200,HOLD
1780451890172,09:58:06,48.8,46.85,49.02,45.52,46.0,6115400.0,291950000.0,48.82,1200,48.81,2300,48.79,800,48.78,2100,48.77,5000,48.84,500,48.85,2500,48.87,2000,48.88,100,48.9,2000,HOLD
1780451893184,09:58:09,48.83,46.85,49.02,45.52,46.0,6115800.0,291970000.0,48.83,1200,48.82,1300,48.79,800,48.78,2100,48.77,6500,48.84,300,48.85,2500,48.87,2000,48.88,100,48.9,2000,HOLD
1780451896197,09:58:12,48.83,46.85,49.02,45.52,46.0,6120000.0,292170000.0,48.84,300,48.83,3300,48.82,700,48.79,800,48.78,700,48.86,1200,48.87,2000,48.88,100,48.9,2000,48.91,100,HOLD
1780451899203,09:58:15,48.98,46.85,49.02,45.52,46.0,6166600.0,294450000.0,48.95,100,48.94,400,48.9,200,48.89,900,48.86,800,48.98,4700,48.99,2300,49.0,20800,49.01,700,49.02,500,HOLD
1780451902215,09:58:18,48.98,46.85,49.02,45.52,46.0,6169000.0,294570000.0,48.92,100,48.91,200,48.9,200,48.89,900,48.86,2700,48.98,3200,48.99,2300,49.0,20800,49.01,700,49.02,500,HOLD
1780451905228,09:58:21,48.99,46.85,49.02,45.52,46.0,6174600.0,294850000.0,48.98,1300,48.95,1900,48.93,100,48.92,1200,48.91,200,48.99,400,49.0,20800,49.01,700,49.02,500,49.05,5800,HOLD
1780451908228,09:58:24,48.92,46.85,49.02,45.52,46.0,6183200.0,295270000.0,48.99,900,48.98,3200,48.92,100,48.91,200,48.9,200,49.0,17800,49.01,700,49.02,500,49.05,5800,49.06,500,HOLD
1780451911231,09:58:27,48.99,46.85,49.02,45.52,46.0,6187000.0,295450000.0,48.98,1500,48.92,100,48.91,200,48.89,1100,48.86,900,48.99,200,49.0,17700,49.01,700,49.02,500,49.05,5800,HOLD
1780451914242,09:58:30,48.99,46.85,49.02,45.52,46.0,6189000.0,295550000.0,48.99,3100,48.98,1000,48.92,100,48.91,200,48.89,1100,49.0,17300,49.01,700,49.02,500,49.05,5800,49.06,500,HOLD
1780451917256,09:58:33,48.99,46.85,49.02,45.52,46.0,6204400.0,296310000.0,48.99,1900,48.98,1000,48.92,100,48.91,200,48.89,1100,49.0,8800,49.01,600,49.02,500,49.05,6700,49.06,500,HOLD
1780451920267,09:58:36,48.98,46.85,49.02,45.52,46.0,6209700.0,296570000.0,48.92,100,48.91,200,48.89,1100,48.86,900,48.85,300,48.98,7600,48.99,2300,49.0,6900,49.01,600,49.02,500,HOLD
1780451923278,09:58:39,48.98,46.85,49.02,45.52,46.0,6211500.0,296650000.0,48.92,600,48.91,200,48.89,600,48.86,900,48.85,100,48.98,6000,48.99,4600,49.0,9300,49.01,600,49.02,500,HOLD
1780451926287,09:58:42,48.98,46.85,49.02,45.52,46.0,6214100.0,296780000.0,48.92,700,48.91,200,48.89,600,48.86,900,48.85,100,48.98,4700,48.99,7300,49.0,9400,49.01,600,49.02,900,HOLD
1780451929294,09:58:45,48.93,46.85,49.02,45.52,46.0,6215800.0,296860000.0,48.93,2600,48.92,1700,48.91,200,48.89,600,48.86,900,48.98,7700,48.99,7400,49.0,9800,49.01,600,49.02,900,HOLD
1780451932297,09:58:48,48.93,46.85,49.02,45.52,46.0,6216500.0,296900000.0,48.93,2500,48.92,1700,48.91,200,48.89,600,48.86,900,48.97,2100,48.98,8300,48.99,7900,49.0,9800,49.01,600,HOLD
1780451935301,09:58:51,48.92,46.85,49.02,45.52,46.0,6219200.0,297030000.0,48.92,1500,48.91,200,48.89,600,48.86,900,48.85,100,48.93,300,48.96,700,48.97,2100,48.98,9300,48.99,6200,HOLD
1780451938306,09:58:54,48.97,46.85,49.02,45.52,46.0,6232600.0,297690000.0,48.97,100,48.94,200,48.93,700,48.92,500,48.91,200,48.98,4100,48.99,7000,49.0,11300,49.01,700,49.02,500,HOLD
1780451941312,09:58:57,48.98,46.85,49.02,45.52,46.0,6241300.0,298110000.0,48.98,8600,48.92,3700,48.91,200,48.9,200,48.89,600,48.99,7000,49.0,11400,49.01,700,49.02,500,49.05,10000,HOLD
1780451944321,09:59:00,48.98,46.85,49.02,45.52,46.0,6248800.0,298480000.0,48.98,3100,48.97,100,48.93,300,48.92,3700,48.91,200,48.99,8600,49.0,11600,49.01,700,49.02,500,49.05,10000,HOLD
1780451947331,09:59:03,48.99,46.85,49.02,45.52,46.0,6254100.0,298740000.0,48.98,2300,48.97,100,48.93,300,48.92,3800,48.91,200,48.99,5100,49.0,11600,49.01,700,49.02,500,49.05,10000,HOLD
1780451950337,09:59:06,49.0,46.85,49.02,45.52,46.0,6263600.0,299210000.0,48.97,3000,48.94,1500,48.93,300,48.92,3700,48.91,200,48.98,2100,48.99,500,49.0,17000,49.01,1000,49.02,500,HOLD
1780451953342,09:59:09,48.99,46.85,49.02,45.52,46.0,6272900.0,299660000.0,48.99,14800,48.94,1400,48.93,300,48.92,3700,48.91,200,49.0,17200,49.01,1000,49.02,2700,49.05,9800,49.06,500,HOLD
1780451956339,09:59:12,49.05,46.85,49.05,45.52,46.0,6294800.0,300730000.0,49.04,100,49.03,100,49.01,800,49.0,400,48.99,17300,49.05,9500,49.06,500,49.07,200,49.08,4300,49.09,3100,HOLD
1780451959343,09:59:15,49.07,46.85,49.07,45.52,46.0,6307800.0,301370000.0,49.07,6600,49.06,200,49.05,1800,49.04,1100,49.03,100,49.08,3500,49.09,3100,49.1,5600,49.11,1300,49.12,900,HOLD
1780451962359,09:59:18,49.08,46.85,49.08,45.52,46.0,6309700.0,301460000.0,49.07,5400,49.06,200,49.05,2000,49.04,1100,49.03,100,49.08,2700,49.09,3100,49.1,5600,49.11,1300,49.12,900,HOLD
1780451965356,09:59:21,49.07,46.85,49.09,45.52,46.0,6313300.0,301640000.0,49.08,1300,49.07,5500,49.06,200,49.05,1800,49.04,100,49.09,2500,49.1,5400,49.11,1300,49.12,900,49.15,1200,HOLD
1780451968362,09:59:27,49.09,46.85,49.09,45.52,46.0,6318500.0,301900000.0,49.08,2100,49.07,5700,49.06,200,49.05,1500,49.04,100,49.1,5500,49.11,1300,49.12,900,49.14,100,49.15,1200,HOLD
1780451971376,09:59:30,49.08,46.85,49.1,45.52,46.0,6326600.0,302290000.0,49.08,3000,49.07,5700,49.06,200,49.05,1500,49.04,100,49.1,4600,49.11,1300,49.12,900,49.13,500,49.14,100,HOLD
1780451974379,09:59:33,49.07,46.85,49.1,45.52,46.0,6329900.0,302460000.0,49.07,5400,49.06,400,49.05,1300,49.04,100,49.0,400,49.08,900,49.1,4600,49.11,1300,49.12,900,49.13,500,HOLD
1780451980401,09:59:36,49.05,46.85,49.1,45.52,46.0,6336400.0,302780000.0,49.01,1200,49.0,100,48.99,17300,48.98,1100,48.97,600,49.05,2600,49.06,8100,49.07,8900,49.08,1400,49.09,200,HOLD
1780451983402,09:59:39,49.0,46.85,49.1,45.52,46.0,6338500.0,302880000.0,48.99,17300,48.98,1100,48.97,600,48.94,1500,48.92,3000,49.0,200,49.02,200,49.03,1700,49.04,900,49.05,2700,HOLD
1780451986407,09:59:42,49.03,46.85,49.1,45.52,46.0,6339800.0,302940000.0,49.0,800,48.99,17100,48.98,1100,48.94,1500,48.92,3000,49.03,1700,49.04,800,49.05,1800,49.06,8100,49.07,10800,HOLD
1780451989410,09:59:45,49.1,46.85,49.16,45.52,46.0,6378300.0,304830000.0,49.1,300,49.08,1400,49.06,200,49.05,40800,49.0,1100,49.16,9200,49.17,1000,49.18,1500,49.19,3100,49.2,4500,HOLD
1780451992424,09:59:48,49.05,46.85,49.16,45.52,46.0,6384100.0,305120000.0,49.06,300,49.05,39400,49.03,1200,49.0,1500,48.99,17100,49.1,900,49.15,100,49.16,8900,49.17,1100,49.18,1500,HOLD
1780451995439,09:59:51,49.1,46.85,49.16,45.52,46.0,6385200.0,305170000.0,49.08,1000,49.07,100,49.06,300,49.05,39400,49.03,2000,49.1,300,49.15,100,49.16,8900,49.17,1000,49.18,1500,HOLD
1780451998463,09:59:54,49.08,46.85,49.16,45.52,46.0,6386300.0,305220000.0,49.08,800,49.07,100,49.06,500,49.05,42100,49.03,4100,49.1,1900,49.15,100,49.16,8900,49.17,1000,49.18,1600,HOLD
1780452001452,09:59:57,49.08,46.85,49.16,45.52,46.0,6386700.0,305240000.0,49.08,800,49.06,500,49.05,42100,49.03,4100,49.0,1500,49.1,7600,49.14,100,49.15,200,49.16,8900,49.17,1000,HOLD
1780452004460,10:00:00,49.08,46.85,49.16,45.52,46.0,6389900.0,305400000.0,49.08,1500,49.05,46500,49.03,3800,49.0,1500,48.99,11100,49.1,8100,49.14,100,49.15,500,49.16,9100,49.17,1000,HOLD
1780452007460,10:00:03,49.12,46.85,49.16,45.52,46.0,6402000.0,306000000.0,49.14,100,49.12,500,49.1,4000,49.09,400,49.08,1500,49.16,8200,49.17,1000,49.18,1600,49.19,3200,49.2,2000,HOLD
1780452010465,10:00:06,49.16,46.85,49.16,45.52,46.0,6408100.0,306290000.0,49.1,5600,49.09,100,49.08,3100,49.05,46500,49.03,3500,49.16,3700,49.17,1000,49.18,2800,49.19,3100,49.2,2000,HOLD
1780452013475,10:00:09,49.14,46.85,49.16,45.52,46.0,6408600.0,306320000.0,49.13,3400,49.12,100,49.11,900,49.1,5400,49.08,2700,49.14,600,49.16,4500,49.17,1000,49.18,2800,49.19,3100,HOLD
1780452016483,10:00:15,49.17,46.85,49.17,45.52,46.0,6417100.0,306740000.0,49.16,3500,49.15,13000,49.14,12200,49.13,3700,49.12,400,49.17,600,49.18,2800,49.19,3100,49.2,4000,49.22,9600,HOLD
1780452022511,10:00:18,49.09,46.85,49.22,45.52,46.0,6485200.0,310080000.0,49.08,2400,49.05,7600,49.03,3300,49.02,100,49.0,500,49.09,300,49.1,2600,49.12,2400,49.13,12100,49.14,7600,HOLD
1780452025523,10:00:21,49.08,46.85,49.22,45.52,46.0,6489400.0,310290000.0,49.05,7700,49.03,400,49.02,100,49.0,500,48.99,11100,49.07,1800,49.08,200,49.09,100,49.1,2400,49.12,2400,HOLD
1780452028536,10:00:24,49.06,46.85,49.22,45.52,46.0,6495000.0,310570000.0,49.06,700,49.05,7500,49.03,100,49.02,300,49.0,500,49.07,900,49.09,800,49.1,1600,49.12,2400,49.13,6300,HOLD
1780452031540,10:00:27,49.06,46.85,49.22,45.52,46.0,6497600.0,310690000.0,49.06,300,49.05,7500,49.03,100,49.02,200,49.0,500,49.08,400,49.1,1700,49.12,2200,49.13,6300,49.14,200,HOLD
1780452034556,10:00:30,49.1,46.85,49.22,45.52,46.0,6500800.0,310850000.0,49.08,1200,49.07,800,49.06,1200,49.05,8500,49.04,100,49.1,800,49.12,2200,49.13,6300,49.14,700,49.16,1600,HOLD
1780452037564,10:00:33,49.1,46.85,49.22,45.52,46.0,6502700.0,310940000.0,49.08,200,49.07,1000,49.06,1200,49.05,8500,49.04,100,49.1,500,49.12,2200,49.13,6300,49.14,700,49.16,1800,HOLD
1780452040577,10:00:36,49.1,46.85,49.22,45.52,46.0,6538500.0,312700000.0,49.07,1500,49.06,1200,49.05,8500,49.04,100,49.03,100,49.1,300,49.13,6300,49.14,500,49.16,1600,49.17,1400,HOLD
1780452043589,10:00:39,49.1,46.85,49.22,45.52,46.0,6542500.0,312900000.0,49.1,1600,49.08,1300,49.07,700,49.06,1700,49.05,8500,49.13,4200,49.14,500,49.16,1600,49.17,1500,49.18,2000,HOLD
1780452046595,10:00:42,49.1,46.85,49.22,45.52,46.0,6544200.0,312980000.0,49.11,100,49.1,5400,49.08,1200,49.07,600,49.06,1700,49.13,4200,49.14,500,49.16,1600,49.17,1600,49.18,2000,HOLD
