local_time_ms,server_time,price,open,high,low,prev_close,cum_volume,cum_amount,bp1,bv1,bp2,bv2,bp3,bv3,bp4,bv4,bp5,bv5,sp1,sv1,sp2,sv2,sp3,sv3,sp4,sv4,sp5,sv5,signal
1782264300045,09:24:57,39.1,0.0,0.0,0.0,39.82,0.0,0.0,39.1,20900,0.0,2500,0.0,0,0.0,0,0.0,0,39.1,20900,0.0,0,0.0,0,0.0,0,0.0,0,HOLD
1782264303021,09:25:00,39.49,39.49,39.49,39.49,39.82,20900.0,830000.0,39.49,3500,39.44,1100,39.4,200,39.35,100,39.3,3500,39.61,200,39.71,1800,39.78,200,39.8,300,39.81,100,HOLD
1782264390046,09:26:27,39.49,39.49,39.49,39.49,39.82,20900.0,830000.0,39.49,3500,39.44,1100,39.4,200,39.35,100,39.3,3500,39.61,200,39.71,1800,39.78,200,39.8,300,39.81,100,HOLD
1782264453056,09:27:27,39.49,39.49,39.49,39.49,39.82,20900.0,830000.0,39.49,3500,39.44,1100,39.4,200,39.35,100,39.3,3500,39.61,200,39.71,1800,39.78,200,39.8,300,39.81,100,HOLD
1782264510075,09:28:27,39.49,39.49,39.49,39.49,39.82,20900.0,830000.0,39.49,3500,39.44,1100,39.4,200,39.35,100,39.3,3500,39.61,200,39.71,1800,39.78,200,39.8,300,39.81,100,HOLD
1782264570105,09:29:27,39.49,39.49,39.49,39.49,39.82,20900.0,830000.0,39.49,3500,39.44,1100,39.4,200,39.35,100,39.3,3500,39.61,200,39.71,1800,39.78,200,39.8,300,39.81,100,HOLD
1782264603116,09:30:00,39.49,39.49,39.49,39.44,39.82,34800.0,1370000.0,39.48,3800,39.47,100,39.46,700,39.45,500,39.44,10000,39.49,10700,39.61,500,39.71,1800,39.78,200,39.8,5300,HOLD
1782264606121,09:30:03,39.58,39.49,39.6,39.44,39.82,53300.0,2100000.0,39.58,1400,39.51,100,39.5,1300,39.49,13000,39.48,13800,39.6,1000,39.61,500,39.7,200,39.71,2100,39.78,200,HOLD
1782264609121,09:30:06,39.66,39.49,39.79,39.44,39.82,61600.0,2430000.0,39.66,500,39.61,2000,39.6,13400,39.59,2900,39.58,2200,39.8,5800,39.81,300,39.82,11900,40.0,1400,40.2,1500,HOLD
1782264612123,09:30:09,40.0,39.49,40.0,39.44,39.82,89900.0,3560000.0,40.0,30100,39.81,600,39.8,700,39.79,600,39.67,200,40.2,1500,40.21,200,40.3,400,40.35,100,40.39,1100,HOLD
1782264615122,09:30:12,40.0,39.49,40.01,39.44,39.82,92500.0,3660000.0,39.81,200,39.8,200,39.79,600,39.67,200,39.65,1100,40.0,2500,40.16,700,40.17,300,40.19,900,40.2,1500,HOLD
1782264618125,09:30:15,39.79,39.49,40.01,39.44,39.82,98700.0,3910000.0,39.79,100,39.67,200,39.66,200,39.65,1100,39.6,8800,39.9,100,40.0,800,40.16,700,40.17,300,40.19,900,HOLD
1782264624126,09:30:21,39.84,39.49,40.01,39.44,39.82,110500.0,4380000.0,39.79,500,39.71,200,39.7,300,39.67,100,39.66,200,39.84,1600,39.92,5800,39.99,300,40.16,700,40.17,300,HOLD
1782264627127,09:30:24,39.79,39.49,40.01,39.44,39.82,112900.0,4480000.0,39.71,200,39.67,100,39.66,200,39.65,1100,39.6,5300,39.79,100,39.81,200,39.84,600,39.92,4500,39.99,300,HOLD
1782264633131,09:30:30,39.91,39.49,40.01,39.44,39.82,114000.0,4520000.0,39.86,1200,39.84,500,39.79,200,39.72,100,39.71,1200,39.91,100,39.92,1200,39.99,300,40.2,1500,40.21,200,HOLD
1782264636130,09:30:33,39.86,39.49,40.01,39.44,39.82,118600.0,4710000.0,39.86,300,39.84,600,39.79,300,39.72,100,39.71,900,39.89,100,39.91,700,39.92,700,39.99,200,40.2,1500,HOLD
1782264642131,09:30:39,39.98,39.49,40.01,39.44,39.82,122900.0,4880000.0,39.98,600,39.92,500,39.91,1600,39.89,1800,39.88,100,39.99,400,40.2,1500,40.21,200,40.3,400,40.35,100,HOLD
1782264645132,09:30:42,39.99,39.49,40.01,39.44,39.82,123500.0,4900000.0,39.99,2200,39.98,2500,39.93,200,39.92,100,39.91,1400,40.2,1500,40.21,200,40.3,400,40.35,100,40.39,1200,HOLD
1782264648135,09:30:45,40.02,39.49,40.02,39.44,39.82,124400.0,4940000.0,40.02,6800,39.99,2400,39.98,2600,39.93,200,39.92,100,40.16,1000,40.19,300,40.2,1700,40.21,200,40.3,400,HOLD
1782264651135,09:30:48,40.03,39.49,40.3,39.44,39.82,129600.0,5150000.0,40.03,1600,40.02,600,40.0,800,39.99,1900,39.98,2600,40.35,100,40.39,1200,40.49,2800,40.5,8300,40.6,4500,HOLD
1782264654138,09:30:51,40.04,39.49,40.39,39.44,39.82,136500.0,5420000.0,40.19,500,40.17,100,40.04,400,40.03,2400,40.02,1400,40.34,700,40.49,2800,40.5,8300,40.6,4500,40.67,3700,HOLD
1782264657138,09:30:54,40.03,39.49,40.39,39.44,39.82,141700.0,5630000.0,40.03,3000,40.02,1600,40.0,800,39.99,900,39.98,2600,40.19,7000,40.25,500,40.34,1400,40.49,2800,40.5,8300,HOLD
1782264663142,09:30:57,40.19,39.49,40.39,39.44,39.82,148300.0,5900000.0,40.04,100,40.03,1100,40.02,1600,40.0,300,39.99,800,40.1,100,40.18,100,40.19,4800,40.22,300,40.25,400,HOLD
1782264666143,09:31:03,40.32,39.49,40.39,39.44,39.82,163600.0,6510000.0,40.32,300,40.31,300,40.23,3300,40.2,2700,40.19,700,40.36,700,40.37,1900,40.38,100,40.45,200,40.47,600,HOLD
1782264669143,09:31:06,40.23,39.49,40.39,39.44,39.82,175600.0,7000000.0,40.2,200,40.19,500,40.1,800,40.08,400,40.04,2100,40.23,400,40.31,500,40.32,700,40.34,100,40.35,200,HOLD
1782264672144,09:31:09,40.2,39.49,40.39,39.44,39.82,189000.0,7540000.0,40.2,1100,40.19,700,40.1,800,40.08,400,40.04,2100,40.29,100,40.3,1300,40.31,1100,40.32,1000,40.35,300,HOLD
1782264675144,09:31:12,40.2,39.49,40.39,39.44,39.82,194500.0,7760000.0,40.2,1300,40.19,800,40.1,600,40.08,400,40.04,2400,40.26,400,40.27,400,40.28,1300,40.29,800,40.3,1300,HOLD
1782264681147,09:31:15,40.2,39.49,40.39,39.44,39.82,199000.0,7940000.0,40.2,300,40.19,200,40.1,500,40.08,400,40.04,2400,40.23,200,40.25,100,40.28,100,40.29,700,40.3,1500,HOLD
1782264684148,09:31:21,40.21,39.49,40.39,39.44,39.82,203300.0,8110000.0,40.21,100,40.2,500,40.19,1000,40.12,300,40.1,500,40.23,100,40.27,300,40.28,100,40.29,700,40.3,1300,HOLD
1782264687149,09:31:24,40.2,39.49,40.39,39.44,39.82,205700.0,8210000.0,40.2,100,40.19,1000,40.12,300,40.1,400,40.06,100,40.21,7500,40.23,800,40.25,4000,40.27,500,40.28,100,HOLD
1782264693157,09:31:30,40.25,39.49,40.39,39.44,39.82,221000.0,8820000.0,40.2,200,40.19,400,40.17,800,40.16,1600,40.15,300,40.25,4700,40.26,500,40.28,300,40.3,2300,40.32,1000,HOLD
1782264696154,09:31:33,40.21,39.49,40.39,39.44,39.82,221300.0,8840000.0,40.23,100,40.22,200,40.21,1000,40.2,500,40.19,400,40.24,1100,40.25,4900,40.26,500,40.28,300,40.3,2400,HOLD
1782264699154,09:31:36,40.21,39.49,40.39,39.44,39.82,226200.0,9030000.0,40.18,100,40.13,2600,40.12,300,40.1,400,40.06,100,40.21,2800,40.22,2300,40.24,500,40.25,6100,40.26,500,HOLD
1782264705156,09:31:42,40.13,39.49,40.39,39.44,39.82,228600.0,9130000.0,40.13,2500,40.12,300,40.1,400,40.06,100,40.05,300,40.14,200,40.15,100,40.16,1100,40.17,300,40.18,300,HOLD
1782264708157,09:31:45,40.13,39.49,40.39,39.44,39.82,232200.0,9270000.0,40.12,500,40.1,400,40.04,2200,40.02,1600,40.0,500,40.13,400,40.14,1000,40.15,200,40.16,1100,40.17,300,HOLD
1782264711158,09:31:48,40.12,39.49,40.39,39.44,39.82,235000.0,9390000.0,40.05,100,40.04,2200,40.02,1200,40.0,500,39.99,400,40.09,100,40.13,1100,40.14,1000,40.15,100,40.16,1300,HOLD
1782264714159,09:31:51,40.09,39.49,40.39,39.44,39.82,235200.0,9390000.0,40.09,400,40.06,300,40.05,300,40.04,2200,40.02,1200,40.12,1000,40.13,4100,40.14,2000,40.15,100,40.16,1300,HOLD
1782264720161,09:31:54,40.09,39.49,40.39,39.44,39.82,235600.0,9410000.0,40.09,500,40.06,300,40.05,200,40.04,2200,40.02,1200,40.11,600,40.12,1000,40.13,4700,40.14,2000,40.15,100,HOLD
1782264723163,09:32:00,40.04,39.49,40.39,39.44,39.82,238000.0,9510000.0,40.04,2100,40.02,800,40.0,500,39.99,400,39.98,800,40.08,200,40.09,1000,40.1,900,40.11,1000,40.12,1500,HOLD
1782264726165,09:32:03,40.01,39.49,40.39,39.44,39.82,243100.0,9710000.0,39.98,200,39.96,100,39.93,200,39.92,100,39.91,400,40.01,900,40.04,1700,40.06,1000,40.07,800,40.08,1700,HOLD
1782264729167,09:32:06,39.96,39.49,40.39,39.44,39.82,243500.0,9730000.0,39.93,300,39.92,100,39.91,400,39.89,1000,39.84,100,39.96,100,39.97,400,40.0,1400,40.01,900,40.02,300,HOLD
1782264732166,09:32:09,39.96,39.49,40.39,39.44,39.82,244200.0,9750000.0,39.93,800,39.92,100,39.91,400,39.89,1000,39.84,100,39.96,300,39.97,400,39.98,1100,40.0,1400,40.01,1000,HOLD
1782264735167,09:32:12,39.93,39.49,40.39,39.44,39.82,248000.0,9910000.0,39.84,100,39.83,100,39.81,100,39.79,1400,39.74,200,39.93,300,39.95,100,39.96,900,39.97,400,39.98,1100,HOLD
1782264738168,09:32:15,39.85,39.49,40.39,39.44,39.82,248900.0,9940000.0,39.85,100,39.84,2000,39.83,100,39.81,100,39.8,100,39.92,1200,39.93,600,39.95,100,39.96,900,39.97,1000,HOLD
1782264741169,09:32:18,39.84,39.49,40.39,39.44,39.82,251100.0,10030000.0,39.81,100,39.8,100,39.79,1400,39.74,200,39.72,100,39.87,600,39.9,200,39.91,400,39.92,1400,39.95,100,HOLD
1782264744170,09:32:21,39.82,39.49,40.39,39.44,39.82,251300.0,10040000.0,39.82,100,39.81,200,39.8,100,39.79,1400,39.74,200,39.85,100,39.87,600,39.9,100,39.91,400,39.92,1200,HOLD
1782264750173,09:32:27,39.85,39.49,40.39,39.44,39.82,255800.0,10220000.0,39.85,900,39.84,200,39.83,200,39.82,200,39.81,700,39.87,600,39.88,100,39.9,1100,39.91,300,39.92,1200,HOLD
1782264753178,09:32:30,39.85,39.49,40.39,39.44,39.82,257300.0,10280000.0,39.82,400,39.81,500,39.8,200,39.79,1400,39.78,100,39.85,400,39.87,300,39.88,100,39.9,1100,39.91,300,HOLD
1782264759176,09:32:36,39.78,39.49,40.39,39.44,39.82,262500.0,10480000.0,39.76,4700,39.75,100,39.74,200,39.72,100,39.71,600,39.79,4500,39.84,400,39.85,4600,39.87,300,39.9,1100,HOLD
1782264762177,09:32:39,39.79,39.49,40.39,39.44,39.82,264500.0,10560000.0,39.76,4700,39.75,500,39.74,200,39.72,200,39.71,600,39.79,3100,39.84,400,39.85,4600,39.87,300,39.9,1100,HOLD
1782264765179,09:32:42,39.84,39.49,40.39,39.44,39.82,268000.0,10700000.0,39.8,600,39.79,1100,39.78,1300,39.76,5700,39.75,500,39.84,400,39.85,4200,39.87,300,39.9,1100,39.95,100,HOLD
1782264768181,09:32:45,39.84,39.49,40.39,39.44,39.82,268000.0,10700000.0,39.81,500,39.8,1600,39.79,1500,39.78,1300,39.76,5600,39.84,300,39.85,4200,39.87,300,39.9,1100,39.95,100,HOLD
1782264771181,09:32:48,39.85,39.49,40.39,39.44,39.82,270200.0,10790000.0,39.81,100,39.8,1600,39.79,1500,39.76,5500,39.75,700,39.85,3000,39.87,300,39.9,1100,39.95,100,39.96,100,HOLD
1782264774185,09:32:51,39.84,39.49,40.39,39.44,39.82,270700.0,10810000.0,39.81,200,39.8,1200,39.79,1500,39.76,5200,39.75,100,39.85,2900,39.87,300,39.9,1100,39.95,100,39.96,100,HOLD
1782264777185,09:32:54,39.76,39.49,40.39,39.44,39.82,279300.0,11150000.0,39.74,200,39.73,200,39.72,200,39.71,300,39.7,5000,39.76,1900,39.79,200,39.8,1000,39.81,1100,39.82,200,HOLD
1782264780187,09:32:57,39.73,39.49,40.39,39.44,39.82,279700.0,11170000.0,39.73,100,39.72,200,39.71,300,39.7,5200,39.68,100,39.74,100,39.75,100,39.76,300,39.79,200,39.8,100,HOLD
1782264783188,09:33:00,39.72,39.49,40.39,39.44,39.82,281800.0,11250000.0,39.71,300,39.7,5200,39.68,100,39.67,2600,39.65,900,39.73,1000,39.74,1700,39.76,1800,39.78,700,39.79,300,HOLD
1782264786190,09:33:03,39.65,39.49,40.39,39.44,39.82,292200.0,11660000.0,39.61,100,39.6,800,39.59,900,39.5,7500,39.49,900,39.65,2600,39.66,200,39.67,800,39.68,5200,39.7,2900,HOLD
1782264789190,09:33:06,39.65,39.49,40.39,39.44,39.82,293200.0,11700000.0,39.62,100,39.61,400,39.6,1400,39.59,1400,39.5,7500,39.65,2500,39.66,200,39.67,300,39.68,5200,39.71,600,HOLD
1782264792190,09:33:09,39.66,39.49,40.39,39.44,39.82,296200.0,11820000.0,39.66,400,39.65,1700,39.64,100,39.62,100,39.61,400,39.67,100,39.68,5300,39.71,600,39.72,500,39.73,2100,HOLD
1782264795193,09:33:12,39.67,39.49,40.39,39.44,39.82,300300.0,11980000.0,39.67,2400,39.64,100,39.61,400,39.6,1400,39.59,1400,39.68,200,39.71,500,39.72,500,39.73,2100,39.74,1700,HOLD
1782264798194,09:33:15,39.71,39.49,40.39,39.44,39.82,301200.0,12020000.0,39.69,900,39.68,100,39.67,2500,39.64,300,39.61,600,39.73,2100,39.74,1700,39.76,1800,39.78,100,39.8,4000,HOLD
1782264801194,09:33:18,39.74,39.49,40.39,39.44,39.82,307900.0,12290000.0,39.74,200,39.73,4700,39.72,500,39.71,4400,39.69,600,39.76,1800,39.78,200,39.8,4000,39.81,1600,39.84,1000,HOLD
1782264804197,09:33:21,39.73,39.49,40.39,39.44,39.82,311600.0,12430000.0,39.74,1200,39.73,3300,39.71,500,39.69,300,39.67,4100,39.76,700,39.78,300,39.8,4200,39.81,1600,39.84,1000,HOLD
1782264807198,09:33:24,39.76,39.49,40.39,39.44,39.82,314000.0,12530000.0,39.76,100,39.75,400,39.74,700,39.73,3200,39.72,200,39.78,900,39.8,4200,39.81,1600,39.84,1000,39.85,3200,HOLD
1782264810198,09:33:27,39.76,39.49,40.39,39.44,39.82,314700.0,12560000.0,39.77,300,39.76,300,39.75,1700,39.74,700,39.73,2800,39.78,900,39.8,4200,39.81,1600,39.84,1000,39.85,3200,HOLD
1782264813205,09:33:30,39.8,39.49,40.39,39.44,39.82,320100.0,12770000.0,39.78,2300,39.77,300,39.76,500,39.75,300,39.73,2900,39.8,100,39.81,1600,39.84,1000,39.85,3500,39.86,200,HOLD
1782264816201,09:33:33,39.8,39.49,40.39,39.44,39.82,324500.0,12950000.0,39.8,1400,39.79,800,39.78,1000,39.77,800,39.76,400,39.82,400,39.83,600,39.84,800,39.85,3500,39.86,100,HOLD
1782264819204,09:33:36,39.82,39.49,40.39,39.44,39.82,331800.0,13240000.0,39.82,300,39.8,1200,39.78,6200,39.76,300,39.75,300,39.83,100,39.84,900,39.85,3500,39.86,100,39.87,300,HOLD
1782264822205,09:33:39,39.84,39.49,40.39,39.44,39.82,333700.0,13310000.0,39.81,700,39.8,1100,39.78,6200,39.76,300,39.75,300,39.84,800,39.85,3500,39.87,300,39.89,3000,39.9,1000,HOLD
1782264825206,09:33:42,39.84,39.49,40.39,39.44,39.82,334900.0,13360000.0,39.83,700,39.82,200,39.81,100,39.8,1800,39.78,6200,39.84,400,39.85,3500,39.87,300,39.89,3000,39.9,1000,HOLD
1782264828211,09:33:45,39.85,39.49,40.39,39.44,39.82,338100.0,13490000.0,39.84,500,39.83,600,39.82,200,39.8,1700,39.78,6200,39.85,1600,39.87,300,39.89,3000,39.9,1000,39.95,100,HOLD
1782264831211,09:33:48,39.87,39.49,40.39,39.44,39.82,340200.0,13570000.0,39.86,200,39.85,800,39.84,700,39.83,900,39.82,100,39.9,1000,39.95,100,39.97,100,39.99,500,40.0,600,HOLD
1782264834211,09:33:51,39.83,39.49,40.39,39.44,39.82,343500.0,13700000.0,39.83,100,39.82,100,39.8,1800,39.78,6200,39.76,300,39.84,16500,39.9,1000,39.95,100,39.97,100,39.99,500,HOLD
1782264837213,09:33:54,39.84,39.49,40.39,39.44,39.82,357100.0,14240000.0,39.83,1300,39.82,100,39.8,1800,39.78,6200,39.76,300,39.84,3000,39.86,1200,39.9,1100,39.95,100,39.97,100,HOLD
1782264840215,09:33:57,39.9,39.49,40.39,39.44,39.82,363000.0,14480000.0,39.89,300,39.86,400,39.85,20100,39.84,1000,39.83,1500,39.9,1100,39.95,100,39.97,100,39.99,500,40.0,700,HOLD
1782264843202,09:34:00,39.99,39.49,40.39,39.44,39.82,368400.0,14690000.0,39.95,200,39.89,700,39.88,1800,39.87,35100,39.86,400,39.98,800,39.99,300,40.0,300,40.01,3600,40.04,700,HOLD
1782264849204,09:34:06,39.9,39.49,40.39,39.44,39.82,371200.0,14810000.0,39.9,1000,39.89,500,39.88,400,39.87,2000,39.85,20700,39.96,2700,39.97,100,39.99,300,40.0,300,40.01,3600,HOLD
1782264852205,09:34:09,39.96,39.49,40.39,39.44,39.82,371600.0,14820000.0,39.92,200,39.9,800,39.89,900,39.88,1100,39.87,2000,39.96,2600,39.97,100,39.99,300,40.0,300,40.01,3600,HOLD
1782264855207,09:34:12,40.01,39.49,40.39,39.44,39.82,385000.0,15360000.0,39.96,3300,39.94,300,39.92,200,39.91,500,39.9,700,40.01,1000,40.04,1100,40.06,1500,40.1,100,40.11,500,HOLD
1782264858207,09:34:15,40.06,39.49,40.39,39.44,39.82,388000.0,15480000.0,40.06,1600,40.04,10800,40.01,100,39.97,2000,39.96,3400,40.1,100,40.11,500,40.12,2900,40.13,700,40.16,100,HOLD
1782264861211,09:34:18,40.01,39.49,40.39,39.44,39.82,391300.0,15610000.0,39.97,200,39.96,3300,39.94,100,39.92,300,39.91,300,40.01,100,40.04,200,40.05,100,40.06,600,40.08,2600,HOLD
1782264867212,09:34:24,39.94,39.49,40.39,39.44,39.82,396400.0,15810000.0,39.92,100,39.91,100,39.89,400,39.88,400,39.87,400,39.93,200,39.95,1800,39.96,6000,39.99,100,40.01,2000,HOLD
1782264870213,09:34:27,39.96,39.49,40.39,39.44,39.82,406100.0,16200000.0,39.96,16800,39.92,100,39.91,100,39.9,600,39.89,900,40.01,2000,40.02,12700,40.06,500,40.08,2200,40.1,1100,HOLD
1782264873219,09:34:30,39.96,39.49,40.39,39.44,39.82,413800.0,16510000.0,39.92,100,39.91,200,39.9,300,39.89,200,39.88,1400,39.96,300,40.01,3400,40.02,12700,40.06,600,40.08,2200,HOLD
1782264876217,09:34:33,39.92,39.49,40.39,39.44,39.82,414200.0,16520000.0,39.91,300,39.9,500,39.89,200,39.88,1400,39.87,400,39.92,500,39.93,300,39.96,100,40.0,200,40.01,3900,HOLD
1782264879217,09:34:36,39.92,39.49,40.39,39.44,39.82,416200.0,16600000.0,39.91,300,39.9,300,39.88,1400,39.87,400,39.85,20700,39.92,1100,40.0,200,40.02,12700,40.06,600,40.08,2200,HOLD
1782264882218,09:34:39,39.93,39.49,40.39,39.44,39.82,417400.0,16650000.0,39.95,200,39.93,3600,39.92,2300,39.91,600,39.9,300,40.0,900,40.01,200,40.02,12700,40.06,600,40.08,2500,HOLD
1782264885220,09:34:42,40.0,39.49,40.39,39.44,39.82,417500.0,16660000.0,39.98,1700,39.97,300,39.96,1700,39.95,600,39.94,300,40.0,200,40.01,200,40.02,12700,40.06,600,40.08,2500,HOLD
1782264888220,09:34:45,39.97,39.49,40.39,39.44,39.82,419300.0,16730000.0,39.97,200,39.95,600,39.94,300,39.93,3800,39.92,2800,40.0,1400,40.01,200,40.02,12700,40.06,600,40.08,2500,HOLD
1782264891222,09:34:48,39.97,39.49,40.39,39.44,39.82,419700.0,16740000.0,39.95,600,39.94,300,39.93,3800,39.92,3800,39.91,600,39.96,100,39.97,300,39.98,400,39.99,1600,40.0,1700,HOLD
1782264894224,09:34:51,39.96,39.49,40.39,39.44,39.82,423300.0,16890000.0,39.96,300,39.95,700,39.94,300,39.93,3800,39.92,2500,39.97,800,40.0,800,40.01,200,40.02,12700,40.06,600,HOLD
1782264897225,09:34:54,39.96,39.49,40.39,39.44,39.82,424400.0,16930000.0,39.96,200,39.95,700,39.94,300,39.93,3800,39.92,2500,39.97,200,40.0,1300,40.01,200,40.02,12700,40.06,600,HOLD
1782264903231,09:35:00,39.92,39.49,40.39,39.44,39.82,434300.0,17330000.0,39.91,200,39.9,400,39.89,100,39.88,1400,39.87,400,39.92,1000,39.94,1800,39.96,2300,39.97,400,39.98,100,HOLD
1782264906231,09:35:03,39.92,39.49,40.39,39.44,39.82,435300.0,17370000.0,39.9,1100,39.89,200,39.88,1400,39.87,400,39.85,20600,39.92,900,39.94,1500,39.96,2300,39.97,300,39.98,100,HOLD
1782264909234,09:35:06,39.93,39.49,40.39,39.44,39.82,436600.0,17420000.0,39.93,100,39.92,400,39.91,200,39.9,100,39.89,200,39.94,4400,39.95,200,39.96,2300,39.97,300,39.98,100,HOLD
1782264912233,09:35:09,39.94,39.49,40.39,39.44,39.82,437900.0,17470000.0,39.9,100,39.89,200,39.88,2400,39.87,400,39.85,20600,39.94,3900,39.95,400,39.96,2300,39.97,300,39.98,100,HOLD
1782264915235,09:35:12,39.92,39.49,40.39,39.44,39.82,438900.0,17510000.0,39.9,300,39.89,300,39.88,2400,39.87,400,39.85,20600,39.93,1200,39.94,6600,39.95,400,39.96,3000,39.97,300,HOLD
1782264918237,09:35:15,39.89,39.49,40.39,39.44,39.82,465500.0,18570000.0,39.84,200,39.83,100,39.82,400,39.8,1900,39.78,6200,39.9,4000,39.92,1700,39.93,1200,39.94,6600,39.95,200,HOLD
1782264921238,09:35:18,39.84,39.49,40.39,39.44,39.82,466300.0,18600000.0,39.8,1900,39.78,6200,39.76,300,39.75,300,39.73,100,39.84,1200,39.86,1400,39.87,1000,39.88,1200,39.89,2700,HOLD
1782264924239,09:35:21,39.8,39.49,40.39,39.44,39.82,466400.0,18610000.0,39.8,1900,39.78,6200,39.76,300,39.75,300,39.73,100,39.83,400,39.84,1200,39.86,1400,39.87,1000,39.88,1200,HOLD
1782264927239,09:35:24,39.83,39.49,40.39,39.44,39.82,466800.0,18620000.0,39.8,2000,39.78,6200,39.76,300,39.75,300,39.73,100,39.82,100,39.84,1200,39.86,600,39.87,100,39.92,1300,HOLD
1782264930241,09:35:27,39.84,39.49,40.39,39.44,39.82,469700.0,18740000.0,39.82,500,39.81,12600,39.78,6200,39.76,300,39.75,300,39.84,1000,39.86,600,39.87,100,39.9,500,39.92,1300,HOLD
1782264936250,09:35:33,39.82,39.49,40.39,39.44,39.82,474900.0,18950000.0,39.78,6300,39.76,300,39.75,300,39.74,500,39.73,100,39.82,3700,39.83,700,39.84,700,39.86,600,39.87,100,HOLD
1782264939247,09:35:36,39.79,39.49,40.39,39.44,39.82,477600.0,19050000.0,39.78,4300,39.76,300,39.75,300,39.74,500,39.73,100,39.79,700,39.8,1900,39.81,1300,39.82,3400,39.83,500,HOLD
1782264942247,09:35:39,39.78,39.49,40.39,39.44,39.82,481600.0,19210000.0,39.78,2700,39.76,300,39.75,300,39.74,500,39.73,200,39.8,200,39.81,1300,39.82,4900,39.83,500,39.85,100,HOLD
1782264945249,09:35:42,39.8,39.49,40.39,39.44,39.82,482800.0,19260000.0,39.78,3200,39.76,300,39.75,300,39.74,500,39.73,200,39.81,1400,39.82,4900,39.83,500,39.85,100,39.86,600,HOLD
1782264948250,09:35:45,39.76,39.49,40.39,39.44,39.82,486400.0,19410000.0,39.75,300,39.74,500,39.73,200,39.7,1300,39.67,100,39.76,300,39.8,600,39.81,800,39.82,4900,39.83,500,HOLD
1782264951251,09:35:48,39.76,39.49,40.39,39.44,39.82,489400.0,19520000.0,39.76,1900,39.75,6400,39.74,1900,39.73,200,39.7,1300,39.81,500,39.82,4900,39.83,500,39.85,600,39.86,600,HOLD
1782264954252,09:35:51,39.76,39.49,40.39,39.44,39.82,490000.0,19550000.0,39.76,100,39.74,1900,39.73,200,39.7,1300,39.67,100,39.78,600,39.81,400,39.82,4900,39.83,500,39.85,600,HOLD
1782264957253,09:35:54,39.76,39.49,40.39,39.44,39.82,491000.0,19590000.0,39.75,1100,39.74,1700,39.73,200,39.7,1300,39.67,100,39.78,1100,39.81,400,39.82,4900,39.83,500,39.84,600,HOLD
1782264960253,09:35:57,39.74,39.49,40.39,39.44,39.82,500800.0,19980000.0,39.74,1000,39.73,200,39.7,1300,39.67,100,39.66,200,39.75,8700,39.76,2700,39.78,1000,39.81,400,39.82,4900,HOLD
1782264963254,09:36:00,39.72,39.49,40.39,39.44,39.82,504100.0,20110000.0,39.71,100,39.7,2700,39.67,500,39.66,200,39.65,1600,39.74,1300,39.75,8500,39.76,2700,39.78,1000,39.81,400,HOLD
1782264966256,09:36:03,39.71,39.49,40.39,39.44,39.82,504600.0,20130000.0,39.7,2700,39.67,500,39.66,200,39.65,1600,39.64,100,39.71,100,39.73,200,39.74,1300,39.75,8500,39.76,2900,HOLD
1782264972257,09:36:09,39.67,39.49,40.39,39.44,39.82,508200.0,20270000.0,39.67,600,39.66,200,39.65,1600,39.64,100,39.61,100,39.69,100,39.7,500,39.73,200,39.74,1300,39.75,8500,HOLD
1782264975259,09:36:12,39.68,39.49,40.39,39.44,39.82,508400.0,20280000.0,39.68,100,39.67,800,39.66,200,39.65,700,39.64,100,39.7,1200,39.71,100,39.73,200,39.74,1300,39.75,8500,HOLD
1782264978260,09:36:15,39.68,39.49,40.39,39.44,39.82,509500.0,20320000.0,39.68,100,39.67,800,39.66,200,39.65,700,39.64,100,39.7,700,39.71,100,39.73,200,39.74,1300,39.75,500,HOLD
1782264984261,09:36:18,39.67,39.49,40.39,39.44,39.82,514000.0,20500000.0,39.66,200,39.65,800,39.64,100,39.61,100,39.6,1100,39.67,400,39.7,200,39.71,100,39.73,200,39.74,1300,HOLD
1782264987262,09:36:24,39.71,39.49,40.39,39.44,39.82,516400.0,20600000.0,39.71,900,39.7,200,39.69,400,39.68,400,39.67,1100,39.74,1100,39.75,500,39.76,2700,39.81,400,39.82,4900,HOLD
1782264993264,09:36:27,39.67,39.49,40.39,39.44,39.82,520000.0,20740000.0,39.67,1800,39.66,900,39.65,800,39.64,100,39.61,200,39.72,100,39.74,1200,39.75,500,39.76,2700,39.81,400,HOLD
1782264996274,09:36:30,39.67,39.49,40.39,39.44,39.82,523500.0,20880000.0,39.66,1800,39.65,800,39.64,100,39.61,200,39.6,1100,39.67,7100,39.71,900,39.74,1200,39.75,500,39.76,2700,HOLD
1782264999269,09:36:36,39.68,39.49,40.39,39.44,39.82,527700.0,21040000.0,39.68,100,39.67,1400,39.66,1400,39.65,300,39.64,100,39.71,900,39.74,1200,39.75,500,39.76,2700,39.81,400,HOLD
1782265002271,09:36:39,39.67,39.49,40.39,39.44,39.82,529000.0,21100000.0,39.67,1300,39.66,2100,39.65,300,39.64,100,39.61,200,39.7,100,39.71,800,39.74,1200,39.75,500,39.76,2700,HOLD
1782265005271,09:36:42,39.67,39.49,40.39,39.44,39.82,530400.0,21150000.0,39.66,2200,39.65,400,39.64,100,39.61,200,39.6,1800,39.68,4200,39.7,300,39.71,800,39.74,1100,39.75,500,HOLD
1782265008271,09:36:45,39.68,39.49,40.39,39.44,39.82,530700.0,21160000.0,39.66,2200,39.65,400,39.64,100,39.61,200,39.6,1800,39.68,700,39.7,300,39.71,800,39.74,1100,39.75,500,HOLD
1782265011273,09:36:48,39.67,39.49,40.39,39.44,39.82,531100.0,21180000.0,39.67,100,39.66,2200,39.65,500,39.64,100,39.61,300,39.68,400,39.7,300,39.71,800,39.74,1100,39.75,500,HOLD
1782265014274,09:36:51,39.66,39.49,40.39,39.44,39.82,533200.0,21260000.0,39.65,300,39.64,100,39.61,300,39.6,1700,39.51,500,39.66,600,39.67,2800,39.68,400,39.7,300,39.71,800,HOLD
1782265017275,09:36:54,39.66,39.49,40.39,39.44,39.82,536200.0,21380000.0,39.66,400,39.65,300,39.64,100,39.61,300,39.6,1700,39.67,1000,39.68,500,39.7,300,39.71,800,39.74,1100,HOLD
1782265020277,09:36:57,39.66,39.49,40.39,39.44,39.82,541400.0,21590000.0,39.63,200,39.62,400,39.61,300,39.6,1700,39.51,500,39.65,100,39.66,2300,39.67,600,39.68,500,39.7,300,HOLD
1782265023277,09:37:00,39.65,39.49,40.39,39.44,39.82,541800.0,21600000.0,39.65,400,39.64,100,39.63,200,39.62,200,39.61,300,39.66,2400,39.67,600,39.68,500,39.7,400,39.71,800,HOLD
1782265026278,09:37:03,39.66,39.49,40.39,39.44,39.82,546400.0,21790000.0,39.64,100,39.61,300,39.6,1900,39.51,500,39.5,11500,39.66,800,39.67,600,39.68,500,39.7,300,39.71,800,HOLD
1782265029280,09:37:06,39.65,39.49,40.39,39.44,39.82,546900.0,21810000.0,39.65,400,39.64,100,39.63,100,39.61,300,39.6,1900,39.66,1400,39.67,600,39.68,500,39.7,300,39.71,800,HOLD
1782265032281,09:37:09,39.68,39.49,40.39,39.44,39.82,554900.0,22120000.0,39.67,1000,39.66,1900,39.65,1500,39.63,200,39.62,600,39.68,100,39.7,300,39.71,800,39.74,1100,39.75,500,HOLD
1782265035283,09:37:12,39.71,39.49,40.39,39.44,39.82,556400.0,22180000.0,39.7,100,39.69,200,39.68,6300,39.67,800,39.66,10000,39.74,1100,39.75,500,39.76,2700,39.83,500,39.86,600,HOLD
1782265041287,09:37:18,39.76,39.49,40.39,39.44,39.82,562500.0,22420000.0,39.75,900,39.74,100,39.71,200,39.7,200,39.69,200,39.79,100,39.81,400,39.82,300,39.83,200,39.84,300,HOLD
1782265047287,09:37:24,39.79,39.49,40.39,39.44,39.82,564100.0,22490000.0,39.75,900,39.74,100,39.71,200,39.7,200,39.68,5100,39.8,2100,39.81,4600,39.82,300,39.83,100,39.84,300,HOLD
1782265053289,09:37:30,39.75,39.49,40.39,39.44,39.82,568100.0,22650000.0,39.74,100,39.71,200,39.7,200,39.68,5000,39.67,200,39.78,800,39.79,200,39.8,2100,39.81,4600,39.82,600,HOLD
1782265056293,09:37:33,39.75,39.49,40.39,39.44,39.82,568900.0,22680000.0,39.74,100,39.71,200,39.7,300,39.68,5000,39.67,200,39.75,700,39.78,900,39.79,200,39.8,2100,39.81,4600,HOLD
1782265059291,09:37:36,39.92,39.49,40.39,39.44,39.82,583200.0,23250000.0,39.88,3500,39.87,300,39.84,400,39.83,400,39.82,400,39.92,700,39.93,1200,39.94,3000,39.96,700,39.97,100,HOLD
1782265062291,09:37:39,39.87,39.49,40.39,39.44,39.82,587100.0,23400000.0,39.82,400,39.81,100,39.8,2500,39.74,400,39.73,600,39.89,400,39.91,500,39.92,700,39.93,1200,39.94,3000,HOLD
1782265065291,09:37:42,39.87,39.49,40.39,39.44,39.82,587100.0,23400000.0,39.84,1400,39.82,800,39.81,100,39.8,2500,39.78,300,39.89,100,39.91,500,39.92,700,39.93,1200,39.94,3000,HOLD
1782265068296,09:37:45,39.91,39.49,40.39,39.44,39.82,589200.0,23490000.0,39.82,800,39.81,100,39.8,200,39.78,300,39.74,400,39.86,100,39.87,300,39.9,400,39.91,400,39.92,700,HOLD
1782265074297,09:37:48,39.86,39.49,40.39,39.44,39.82,590600.0,23540000.0,39.78,300,39.74,100,39.72,200,39.71,200,39.7,500,39.84,1200,39.85,1300,39.86,800,39.87,1000,39.9,200,HOLD
1782265077298,09:37:51,39.82,39.49,40.39,39.44,39.82,591600.0,23580000.0,39.74,100,39.71,200,39.7,500,39.68,5000,39.67,200,39.82,800,39.84,1100,39.86,6900,39.87,700,39.88,600,HOLD
1782265080299,09:37:57,39.82,39.49,40.39,39.44,39.82,597500.0,23820000.0,39.73,300,39.72,300,39.71,400,39.7,600,39.68,5000,39.81,3500,39.82,15600,39.83,200,39.84,2700,39.86,8900,HOLD
1782265083299,09:38:00,39.73,39.49,40.39,39.44,39.82,597900.0,23830000.0,39.73,200,39.72,2300,39.71,400,39.7,600,39.68,5000,39.8,600,39.82,13400,39.84,3300,39.86,8900,39.87,700,HOLD
1782265086301,09:38:03,39.78,39.49,40.39,39.44,39.82,598000.0,23840000.0,39.75,1000,39.73,200,39.72,2300,39.71,400,39.7,600,39.78,200,39.79,1400,39.8,600,39.82,6500,39.84,3300,HOLD
1782265089301,09:38:06,39.78,39.49,40.39,39.44,39.82,598000.0,23840000.0,39.75,1000,39.73,200,39.72,2300,39.71,400,39.7,100,39.78,200,39.79,1400,39.8,600,39.82,3000,39.84,3300,HOLD
1782265092303,09:38:09,39.8,39.49,40.39,39.44,39.82,600500.0,23940000.0,39.74,100,39.73,700,39.72,2300,39.71,200,39.7,100,39.8,300,39.82,3000,39.84,3300,39.86,9900,39.87,700,HOLD
1782265095303,09:38:12,39.8,39.49,40.39,39.44,39.82,600500.0,23940000.0,39.78,500,39.74,100,39.73,700,39.72,2300,39.71,200,39.8,700,39.82,3000,39.84,1300,39.86,7900,39.87,700,HOLD
1782265098305,09:38:15,39.78,39.49,40.39,39.44,39.82,602400.0,24010000.0,39.73,400,39.72,2300,39.71,200,39.7,100,39.67,200,39.77,200,39.78,400,39.79,1000,39.8,500,39.82,1900,HOLD
1782265101306,09:38:18,39.73,39.49,40.39,39.44,39.82,606700.0,24180000.0,39.7,600,39.66,10000,39.65,600,39.63,200,39.62,400,39.73,300,39.76,400,39.77,600,39.78,100,39.79,1000,HOLD
1782265104307,09:38:21,39.66,39.49,40.39,39.44,39.82,608200.0,24240000.0,39.67,100,39.66,9600,39.65,600,39.63,200,39.62,200,39.72,300,39.73,300,39.76,400,39.77,600,39.78,100,HOLD
1782265110310,09:38:27,39.66,39.49,40.39,39.44,39.82,608700.0,24260000.0,39.66,9500,39.65,600,39.63,200,39.62,200,39.61,300,39.68,200,39.71,200,39.72,300,39.73,200,39.76,400,HOLD
1782265113310,09:38:30,39.65,39.49,40.39,39.44,39.82,620500.0,24730000.0,39.63,200,39.61,300,39.6,1600,39.52,200,39.5,11700,39.65,800,39.66,3100,39.67,200,39.68,200,39.71,400,HOLD
1782265116316,09:38:33,39.65,39.49,40.39,39.44,39.82,620900.0,24750000.0,39.61,300,39.6,1600,39.52,200,39.5,11700,39.46,300,39.65,600,39.67,200,39.71,400,39.73,1000,39.76,400,HOLD
1782265119313,09:38:36,39.63,39.49,40.39,39.44,39.82,624900.0,24910000.0,39.6,500,39.56,1000,39.54,100,39.53,300,39.52,200,39.63,300,39.65,200,39.67,200,39.71,400,39.73,200,HOLD
1782265122313,09:38:39,39.6,39.49,40.39,39.44,39.82,625900.0,24950000.0,39.56,1000,39.52,200,39.5,11700,39.46,300,39.45,200,39.6,6000,39.63,400,39.65,300,39.67,300,39.71,400,HOLD
1782265128317,09:38:45,39.56,39.49,40.39,39.44,39.82,627300.0,25000000.0,39.54,100,39.53,100,39.52,200,39.51,500,39.5,11700,39.56,500,39.6,5800,39.61,300,39.62,100,39.63,1000,HOLD
1782265131319,09:38:48,39.54,39.49,40.39,39.44,39.82,628300.0,25040000.0,39.5,11700,39.46,300,39.45,200,39.44,2400,39.41,200,39.56,500,39.6,6300,39.61,300,39.62,100,39.63,400,HOLD
1782265134318,09:38:51,39.5,39.49,40.39,39.44,39.82,639400.0,25480000.0,39.5,600,39.46,300,39.45,200,39.44,600,39.41,200,39.51,200,39.52,100,39.53,400,39.54,800,39.55,1300,HOLD
1782265137319,09:38:54,39.54,39.49,40.39,39.44,39.82,643400.0,25640000.0,39.5,1600,39.47,100,39.46,800,39.45,100,39.44,600,39.54,600,39.55,1400,39.6,5800,39.62,100,39.63,400,HOLD
1782265140320,09:38:57,39.5,39.49,40.39,39.44,39.82,643800.0,25650000.0,39.51,100,39.5,1800,39.49,2500,39.47,100,39.46,800,39.54,1000,39.55,1400,39.6,5700,39.62,100,39.63,400,HOLD
1782265146321,09:39:00,39.5,39.49,40.39,39.44,39.82,645500.0,25720000.0,39.51,400,39.5,2100,39.49,2500,39.47,100,39.46,800,39.53,200,39.54,1300,39.55,1400,39.62,100,39.63,400,HOLD
1782265149322,09:39:03,39.52,39.49,40.39,39.44,39.82,658700.0,26240000.0,39.51,1400,39.5,66000,39.49,2500,39.46,800,39.45,100,39.56,400,39.57,200,39.58,500,39.61,100,39.62,100,HOLD
1782265152322,09:39:09,39.63,39.49,40.39,39.44,39.82,661700.0,26360000.0,39.63,100,39.62,200,39.59,200,39.58,400,39.56,800,39.67,100,39.69,100,39.74,200,39.76,400,39.77,600,HOLD
1782265155322,09:39:12,39.64,39.49,40.39,39.44,39.82,667100.0,26570000.0,39.64,200,39.63,200,39.57,100,39.54,5000,39.53,200,39.65,800,39.66,1600,39.67,4700,39.73,400,39.74,700,HOLD
1782265158324,09:39:15,39.54,39.49,40.39,39.44,39.82,668400.0,26630000.0,39.54,4300,39.53,1200,39.52,1000,39.51,2600,39.5,25100,39.65,600,39.66,100,39.67,4900,39.73,400,39.74,600,HOLD
1782265161326,09:39:18,39.6,39.49,40.39,39.44,39.82,670100.0,26690000.0,39.55,900,39.54,3700,39.53,1200,39.52,1000,39.51,2600,39.6,200,39.62,1200,39.63,11200,39.64,1500,39.65,500,HOLD
1782265164327,09:39:21,39.6,39.49,40.39,39.44,39.82,670100.0,26690000.0,39.55,900,39.54,3700,39.53,1200,39.52,1000,39.51,2600,39.6,200,39.61,100,39.62,800,39.63,11200,39.64,1400,HOLD
1782265167327,09:39:24,39.59,39.49,40.39,39.44,39.82,671100.0,26730000.0,39.55,200,39.54,3700,39.53,1200,39.52,1000,39.51,2600,39.59,200,39.6,400,39.61,100,39.62,800,39.63,11400,HOLD
1782265170329,09:39:27,39.55,39.49,40.39,39.44,39.82,673400.0,26820000.0,39.54,3700,39.53,1700,39.52,1000,39.51,2700,39.5,29800,39.55,2100,39.56,100,39.58,1300,39.59,100,39.6,200,HOLD
1782265173329,09:39:30,39.55,39.49,40.39,39.44,39.82,673600.0,26830000.0,39.54,3700,39.53,1700,39.52,1000,39.51,2700,39.5,29800,39.55,2100,39.56,100,39.58,1300,39.59,100,39.6,400,HOLD
1782265176337,09:39:33,39.55,39.49,40.39,39.44,39.82,677200.0,26970000.0,39.54,1300,39.53,1700,39.52,1000,39.51,2700,39.5,30200,39.55,1100,39.56,100,39.58,1300,39.59,100,39.6,400,HOLD
1782265179334,09:39:36,39.55,39.49,40.39,39.44,39.82,678500.0,27020000.0,39.54,100,39.53,1700,39.52,1000,39.51,2700,39.5,30200,39.55,2000,39.56,100,39.58,1300,39.59,100,39.6,400,HOLD
1782265182334,09:39:39,39.55,39.49,40.39,39.44,39.82,681000.0,27120000.0,39.55,200,39.54,400,39.53,1600,39.52,1000,39.51,2700,39.58,1300,39.59,100,39.6,400,39.61,100,39.62,400,HOLD
1782265185335,09:39:42,39.59,39.49,40.39,39.44,39.82,683700.0,27230000.0,39.58,200,39.57,200,39.55,100,39.54,1800,39.53,1600,39.6,400,39.61,100,39.62,400,39.63,200,39.65,400,HOLD
1782265188337,09:39:45,39.57,39.49,40.39,39.44,39.82,684000.0,27240000.0,39.57,100,39.54,300,39.53,1600,39.52,1000,39.51,2900,39.6,400,39.61,100,39.62,400,39.63,200,39.65,400,HOLD
1782265191325,09:39:48,39.57,39.49,40.39,39.44,39.82,684100.0,27250000.0,39.54,200,39.53,1600,39.52,1000,39.51,2900,39.5,30300,39.59,100,39.6,800,39.61,100,39.62,400,39.63,200,HOLD
1782265194326,09:39:51,39.54,39.49,40.39,39.44,39.82,687300.0,27370000.0,39.52,400,39.51,2900,39.5,31100,39.49,2500,39.46,200,39.57,400,39.58,500,39.59,100,39.6,400,39.61,100,HOLD
1782265197326,09:39:54,39.55,39.49,40.39,39.44,39.82,689000.0,27440000.0,39.55,300,39.52,400,39.51,2900,39.5,31100,39.49,2500,39.6,200,39.61,100,39.62,400,39.63,200,39.65,400,HOLD
1782265200347,09:39:57,39.57,39.49,40.39,39.44,39.82,693800.0,27630000.0,39.55,300,39.54,1200,39.52,400,39.51,2900,39.5,31100,39.57,17600,39.59,2000,39.6,100,39.61,100,39.62,400,HOLD
1782265203324,09:40:00,39.57,39.49,40.39,39.44,39.82,694700.0,27670000.0,39.56,100,39.55,300,39.54,1200,39.52,400,39.51,900,39.57,17000,39.59,2000,39.6,100,39.61,100,39.62,400,HOLD
1782265206326,09:40:03,39.65,39.49,40.39,39.44,39.82,714400.0,28450000.0,39.62,200,39.61,300,39.59,13100,39.57,19300,39.56,200,39.66,100,39.67,100,39.68,100,39.73,200,39.74,200,HOLD
1782265209327,09:40:06,39.63,39.49,40.39,39.44,39.82,715800.0,28500000.0,39.62,2100,39.61,200,39.59,9000,39.57,17800,39.55,300,39.65,600,39.66,200,39.67,100,39.68,100,39.73,200,HOLD
1782265212328,09:40:09,39.59,39.49,40.39,39.44,39.82,718600.0,28610000.0,39.59,8500,39.57,5000,39.55,300,39.54,1200,39.53,700,39.6,200,39.61,100,39.62,500,39.63,300,39.65,1600,HOLD
1782265215329,09:40:12,39.59,39.49,40.39,39.44,39.82,719900.0,28660000.0,39.59,7600,39.57,5000,39.55,800,39.54,300,39.53,700,39.61,200,39.62,400,39.63,100,39.65,1600,39.66,100,HOLD
1782265218329,09:40:15,39.6,39.49,40.39,39.44,39.82,725300.0,28880000.0,39.59,2500,39.57,5300,39.55,800,39.54,300,39.53,700,39.6,1100,39.61,400,39.62,400,39.63,100,39.65,1600,HOLD
1782265224336,09:40:21,39.57,39.49,40.39,39.44,39.82,732500.0,29160000.0,39.57,1700,39.55,600,39.54,300,39.53,700,39.52,700,39.59,5300,39.6,1100,39.61,400,39.62,5800,39.63,100,HOLD
1782265227333,09:40:24,39.6,39.49,40.39,39.44,39.82,770300.0,30660000.0,39.59,300,39.56,500,39.54,55700,39.53,700,39.52,700,39.61,200,39.62,5800,39.63,100,39.65,100,39.66,100,HOLD
1782265230335,09:40:27,39.6,39.49,40.39,39.44,39.82,770300.0,30660000.0,39.59,1500,39.57,100,39.56,500,39.54,55000,39.53,700,39.61,200,39.62,5800,39.63,100,39.65,100,39.66,100,HOLD
1782265236323,09:40:33,39.57,39.49,40.39,39.44,39.82,775700.0,30870000.0,39.56,1500,39.55,500,39.54,46100,39.53,700,39.52,700,39.57,1000,39.59,3800,39.61,700,39.62,5800,39.63,100,HOLD
1782265239329,09:40:36,39.57,39.49,40.39,39.44,39.82,776700.0,30910000.0,39.57,100,39.56,1500,39.55,500,39.54,46200,39.53,2300,39.59,3900,39.61,700,39.62,5800,39.63,100,39.66,100,HOLD
1782265242323,09:40:39,39.59,39.49,40.39,39.44,39.82,778500.0,30980000.0,39.58,100,39.57,3300,39.56,1500,39.55,500,39.54,46200,39.59,2200,39.6,2800,39.61,700,39.62,5800,39.66,100,HOLD
1782265245324,09:40:42,39.62,39.49,40.39,39.44,39.82,791900.0,31510000.0,39.59,1600,39.58,500,39.57,5500,39.56,1500,39.55,500,39.62,3100,39.66,100,39.67,100,39.68,100,39.73,200,HOLD
1782265248326,09:40:45,39.59,39.49,40.39,39.44,39.82,796000.0,31670000.0,39.59,1300,39.58,500,39.56,500,39.55,500,39.54,46200,39.61,700,39.62,500,39.66,100,39.67,100,39.68,100,HOLD
1782265251328,09:40:48,39.61,39.49,40.39,39.44,39.82,796300.0,31690000.0,39.6,300,39.59,2300,39.58,500,39.57,500,39.56,500,39.61,600,39.62,500,39.66,100,39.67,100,39.68,100,HOLD
1782265254331,09:40:51,39.59,39.49,40.39,39.44,39.82,798600.0,31780000.0,39.59,1000,39.58,500,39.57,500,39.56,500,39.55,800,39.62,500,39.66,100,39.67,100,39.68,100,39.73,200,HOLD
1782265257330,09:40:54,39.58,39.49,40.39,39.44,39.82,800200.0,31840000.0,39.58,400,39.57,500,39.56,600,39.55,800,39.54,46300,39.6,100,39.61,200,39.62,500,39.66,100,39.67,100,HOLD
1782265263334,09:41:00,39.62,39.49,40.39,39.44,39.82,801600.0,31900000.0,39.61,200,39.6,1000,39.58,400,39.57,500,39.56,600,39.63,200,39.66,100,39.67,100,39.68,100,39.73,200,HOLD
1782265269337,09:41:06,39.67,39.49,40.39,39.44,39.82,803400.0,31970000.0,39.62,100,39.61,1200,39.6,200,39.58,400,39.57,500,39.71,900,39.72,300,39.74,200,39.76,400,39.77,600,HOLD
1782265272337,09:41:09,39.65,39.49,40.39,39.44,39.82,803500.0,31970000.0,39.62,200,39.61,1700,39.6,200,39.58,500,39.57,500,39.65,800,39.66,100,39.69,400,39.7,1800,39.71,400,HOLD
1782265275339,09:41:12,39.62,39.49,40.39,39.44,39.82,803600.0,31980000.0,39.62,500,39.61,1700,39.6,300,39.58,500,39.57,500,39.65,800,39.66,100,39.69,400,39.7,1800,39.71,400,HOLD
1782265278340,09:41:15,39.65,39.49,40.39,39.44,39.82,804800.0,32020000.0,39.61,1600,39.6,700,39.59,100,39.58,500,39.57,500,39.62,100,39.64,600,39.65,100,39.66,100,39.67,100,HOLD
1782265281343,09:41:18,39.58,39.49,40.39,39.44,39.82,808400.0,32170000.0,39.57,500,39.56,500,39.55,1000,39.54,46300,39.53,700,39.59,100,39.6,400,39.63,400,39.65,2300,39.66,100,HOLD
1782265287345,09:41:24,39.46,39.49,40.39,39.44,39.82,903700.0,35930000.0,39.46,100,39.45,200,39.44,2700,39.42,1500,39.41,200,39.49,400,39.5,5600,39.51,3200,39.52,300,39.53,3500,HOLD
1782265290346,09:41:27,39.48,39.49,40.39,39.44,39.82,904500.0,35960000.0,39.45,200,39.44,2700,39.42,1500,39.41,200,39.4,900,39.48,600,39.5,4200,39.51,1700,39.52,200,39.53,2100,HOLD
1782265293346,09:41:30,39.45,39.49,40.39,39.44,39.82,906500.0,36040000.0,39.45,100,39.44,2300,39.42,1500,39.41,200,39.4,900,39.51,600,39.53,400,39.54,1000,39.56,200,39.57,1600,HOLD
1782265296349,09:41:33,39.5,39.49,40.39,39.44,39.82,907800.0,36090000.0,39.44,2300,39.42,1500,39.41,200,39.4,900,39.39,100,39.51,300,39.53,100,39.54,300,39.56,200,39.57,1600,HOLD
1782265302360,09:41:36,39.51,39.49,40.39,39.44,39.82,909200.0,36150000.0,39.45,200,39.44,2600,39.42,1500,39.41,200,39.4,900,39.51,500,39.53,100,39.54,300,39.56,200,39.57,1600,HOLD
1782265305357,09:41:42,39.44,39.49,40.39,39.42,39.82,917800.0,36490000.0,39.42,300,39.41,200,39.4,900,39.39,100,39.36,300,39.45,800,39.46,300,39.48,200,39.5,1300,39.51,600,HOLD
1782265308358,09:41:45,39.42,39.49,40.39,39.42,39.82,918600.0,36520000.0,39.41,300,39.4,900,39.39,100,39.36,300,39.35,1300,39.42,900,39.44,700,39.45,200,39.46,1600,39.48,200,HOLD
1782265314362,09:41:51,39.35,39.49,40.39,39.35,39.82,922200.0,36660000.0,39.31,600,39.3,5200,39.25,1100,39.2,6400,39.15,300,39.35,100,39.38,1000,39.39,800,39.4,1600,39.41,500,HOLD
1782265317362,09:41:54,39.31,39.49,40.39,39.31,39.82,922500.0,36670000.0,39.31,2500,39.3,5200,39.25,1100,39.2,6400,39.15,300,39.34,100,39.35,100,39.39,900,39.4,1600,39.41,2200,HOLD
1782265320362,09:41:57,39.31,39.49,40.39,39.3,39.82,929000.0,36930000.0,39.3,1400,39.25,1100,39.2,6400,39.15,300,39.12,1300,39.31,300,39.34,100,39.39,900,39.4,1000,39.41,2600,HOLD
1782265323364,09:42:00,39.28,39.49,40.39,39.28,39.82,930900.0,37000000.0,39.25,1100,39.2,6400,39.15,300,39.12,1300,39.11,1000,39.3,1500,39.31,700,39.34,100,39.39,1300,39.4,1000,HOLD
1782265326366,09:42:03,39.25,39.49,40.39,39.25,39.82,933700.0,37110000.0,39.21,300,39.2,6500,39.15,300,39.12,1300,39.11,1000,39.25,1000,39.29,200,39.3,2100,39.31,500,39.34,100,HOLD
1782265329367,09:42:06,39.25,39.49,40.39,39.25,39.82,935700.0,37190000.0,39.26,200,39.25,300,39.22,300,39.21,600,39.2,6500,39.29,200,39.3,2100,39.31,1600,39.34,100,39.35,300,HOLD
1782265332367,09:42:09,39.25,39.49,40.39,39.25,39.82,938300.0,37290000.0,39.23,200,39.22,300,39.21,800,39.2,6600,39.15,300,39.25,500,39.28,100,39.29,200,39.3,2400,39.31,2800,HOLD
1782265335367,09:42:12,39.24,39.49,40.39,39.2,39.82,940100.0,37360000.0,39.2,5900,39.15,300,39.12,1300,39.11,2100,39.1,6300,39.24,700,39.25,1300,39.28,100,39.29,200,39.3,2400,HOLD
1782265341373,09:42:18,39.15,39.49,40.39,39.15,39.82,951600.0,37820000.0,39.12,1300,39.11,2100,39.1,6300,39.08,1100,39.05,100,39.2,300,39.21,500,39.22,3000,39.23,100,39.25,1600,HOLD
1782265344372,09:42:21,39.1,39.49,40.39,39.1,39.82,960100.0,38150000.0,39.1,1500,39.08,2100,39.05,100,39.03,100,39.02,500,39.14,600,39.15,1200,39.16,2600,39.17,3900,39.18,3100,HOLD
1782265347372,09:42:24,39.15,39.49,40.39,39.1,39.82,963000.0,38260000.0,39.11,500,39.1,2300,39.08,2100,39.05,100,39.03,100,39.15,800,39.16,1900,39.17,3300,39.18,400,39.19,600,HOLD
1782265350372,09:42:27,39.14,39.49,40.39,39.1,39.82,972300.0,38630000.0,39.11,200,39.1,1400,39.08,2100,39.05,100,39.03,600,39.14,100,39.15,1100,39.16,200,39.17,400,39.19,600,HOLD
1782265353374,09:42:30,39.12,39.49,40.39,39.1,39.82,972900.0,38650000.0,39.11,300,39.1,1600,39.08,2100,39.05,100,39.03,600,39.12,300,39.15,3900,39.16,200,39.17,400,39.19,600,HOLD
1782265356375,09:42:33,39.1,39.49,40.39,39.1,39.82,974000.0,38690000.0,39.1,1000,39.09,200,39.08,2100,39.05,100,39.03,800,39.11,300,39.12,100,39.15,3900,39.16,200,39.17,400,HOLD
1782265359376,09:42:36,39.11,39.49,40.39,39.1,39.82,976900.0,38810000.0,39.1,1100,39.09,200,39.08,2100,39.05,100,39.03,800,39.11,1100,39.15,1100,39.16,200,39.17,400,39.19,600,HOLD
1782265362382,09:42:39,39.11,39.49,40.39,39.09,39.82,982600.0,39030000.0,39.08,3500,39.05,100,39.03,800,39.02,3500,39.01,2400,39.11,700,39.15,1100,39.16,200,39.17,400,39.19,600,HOLD
1782265365379,09:42:42,39.1,39.49,40.39,39.09,39.82,983700.0,39070000.0,39.1,200,39.08,3500,39.05,100,39.03,800,39.02,3500,39.11,500,39.15,1400,39.16,200,39.17,400,39.19,600,HOLD
1782265368380,09:42:45,39.08,39.49,40.39,39.08,39.82,984400.0,39100000.0,39.08,3300,39.05,300,39.03,800,39.02,3500,39.01,2400,39.1,300,39.11,700,39.15,1400,39.16,200,39.17,400,HOLD
1782265374382,09:42:51,39.09,39.49,40.39,39.05,39.82,990200.0,39330000.0,39.05,200,39.03,800,39.02,3500,39.01,2400,39.0,24500,39.09,900,39.1,1800,39.11,1400,39.14,2300,39.15,3200,HOLD
1782265377383,09:42:54,39.08,39.49,40.39,39.05,39.82,990800.0,39350000.0,39.05,200,39.03,800,39.02,3500,39.01,2400,39.0,24500,39.08,7600,39.09,900,39.1,1800,39.11,1600,39.14,2300,HOLD
1782265380384,09:42:57,39.05,39.49,40.39,39.05,39.82,991000.0,39360000.0,39.05,2300,39.04,100,39.03,900,39.02,4200,39.01,2500,39.06,1100,39.07,100,39.08,9700,39.09,200,39.1,1800,HOLD
1782265383384,09:43:00,39.01,39.49,40.39,39.0,39.82,1013500.0,40230000.0,39.0,24300,38.99,600,38.98,1000,38.97,1000,38.95,5900,39.01,1100,39.06,900,39.07,100,39.08,5100,39.09,200,HOLD
1782265386386,09:43:03,39.01,39.49,40.39,39.0,39.82,1016600.0,40360000.0,39.01,300,39.0,23500,38.99,500,38.98,1000,38.97,1000,39.03,2500,39.05,1600,39.06,200,39.07,100,39.08,4600,HOLD
1782265389387,09:43:06,38.97,39.49,40.39,38.95,39.82,1050700.0,41680000.0,38.96,600,38.95,200,38.91,7000,38.9,6800,38.89,300,38.97,100,38.98,100,39.0,7900,39.01,500,39.02,2200,HOLD
1782265392389,09:43:09,38.97,39.49,40.39,38.95,39.82,1053000.0,41770000.0,38.97,200,38.96,2300,38.95,200,38.91,7000,38.9,6800,39.0,6300,39.01,700,39.02,2200,39.03,2500,39.05,1700,HOLD
1782265395389,09:43:12,38.98,39.49,40.39,38.95,39.82,1053800.0,41810000.0,38.97,700,38.96,1800,38.95,500,38.91,7000,38.9,6800,38.98,500,38.99,400,39.0,6300,39.01,1100,39.02,600,HOLD
1782265398389,09:43:15,38.97,39.49,40.39,38.95,39.82,1056800.0,41920000.0,38.96,1800,38.95,500,38.91,7000,38.9,7000,38.89,300,38.97,2700,38.99,300,39.0,5800,39.01,1000,39.02,700,HOLD
1782265401392,09:43:18,38.97,39.49,40.39,38.95,39.82,1064200.0,42210000.0,38.97,300,38.96,1100,38.95,300,38.91,7000,38.9,7000,39.01,1000,39.02,700,39.03,2500,39.05,1700,39.08,1200,HOLD
1782265404393,09:43:21,39.03,39.49,40.39,38.95,39.82,1066500.0,42300000.0,39.01,900,39.0,100,38.99,300,38.98,1000,38.97,2600,39.03,1900,39.05,1700,39.08,1200,39.1,4200,39.11,1100,HOLD
1782265407394,09:43:24,39.03,39.49,40.39,38.95,39.82,1069000.0,42400000.0,39.03,200,39.01,1300,39.0,100,38.98,500,38.97,4400,39.05,700,39.08,1200,39.1,4200,39.11,1100,39.14,300,HOLD
1782265410395,09:43:27,38.97,39.49,40.39,38.95,39.82,1074200.0,42600000.0,38.97,2200,38.96,200,38.95,900,38.92,300,38.91,7000,39.01,300,39.03,200,39.05,300,39.1,1700,39.11,1100,HOLD
1782265413396,09:43:30,38.98,39.49,40.39,38.95,39.82,1074400.0,42610000.0,38.98,100,38.97,3400,38.96,200,38.95,900,38.92,300,39.0,100,39.01,3900,39.03,200,39.05,300,39.1,1700,HOLD
1782265416398,09:43:33,38.98,39.49,40.39,38.95,39.82,1075200.0,42640000.0,38.98,400,38.97,3600,38.96,200,38.95,900,38.92,300,38.99,300,39.0,100,39.01,3900,39.03,1800,39.05,300,HOLD
1782265419399,09:43:36,38.97,39.49,40.39,38.95,39.82,1080800.0,42860000.0,39.0,4500,38.99,200,38.98,100,38.97,3000,38.96,200,39.01,3400,39.03,1800,39.05,300,39.1,1700,39.11,1100,HOLD
1782265422403,09:43:39,39.01,39.49,40.39,38.95,39.82,1085200.0,43030000.0,39.0,3600,38.99,1000,38.98,1400,38.97,3400,38.96,200,39.01,1300,39.03,1700,39.05,300,39.1,1700,39.11,1100,HOLD
1782265425402,09:43:42,38.96,39.49,40.39,38.95,39.82,1097000.0,43490000.0,38.95,1200,38.92,900,38.91,7000,38.9,7900,38.89,300,38.96,600,38.97,300,38.98,200,38.99,1600,39.0,700,HOLD
1782265428404,09:43:45,38.98,39.49,40.39,38.95,39.82,1099800.0,43600000.0,38.97,300,38.96,700,38.95,100,38.92,1000,38.91,7000,38.98,400,38.99,400,39.0,700,39.01,1100,39.03,1700,HOLD
1782265431411,09:43:48,38.97,39.49,40.39,38.95,39.82,1102500.0,43700000.0,38.97,800,38.95,100,38.92,1000,38.91,7000,38.9,8000,38.98,1000,39.0,4600,39.01,1100,39.03,1700,39.05,200,HOLD
1782265434412,09:43:51,38.97,39.49,40.39,38.95,39.82,1104200.0,43770000.0,38.96,500,38.95,2000,38.92,1000,38.91,7000,38.9,8200,38.97,1800,38.98,900,39.0,4500,39.01,1100,39.03,1700,HOLD
1782265437414,09:43:54,38.96,39.49,40.39,38.95,39.82,1109600.0,43980000.0,38.95,1400,38.92,1100,38.91,7000,38.9,8500,38.89,300,38.96,500,38.97,1900,38.98,100,39.0,7400,39.01,1100,HOLD
1782265440414,09:43:57,38.97,39.49,40.39,38.95,39.82,1111700.0,44060000.0,38.96,300,38.95,2000,38.93,100,38.92,1100,38.91,7000,38.97,400,38.98,100,39.0,6700,39.01,1100,39.03,1100,HOLD
1782265446419,09:44:03,38.91,39.49,40.39,38.91,39.82,1119000.0,44350000.0,38.91,6600,38.9,8500,38.89,300,38.88,6700,38.87,300,38.95,200,38.96,900,38.97,800,38.98,2600,39.0,6500,HOLD
1782265449419,09:44:06,38.91,39.49,40.39,38.91,39.82,1122200.0,44470000.0,38.91,6400,38.9,8500,38.89,300,38.88,6700,38.87,800,38.96,600,38.97,800,38.98,2600,39.0,6800,39.01,1100,HOLD
1782265452419,09:44:09,38.96,39.49,40.39,38.91,39.82,1128400.0,44710000.0,38.96,4400,38.92,400,38.91,6600,38.9,6000,38.89,500,38.98,200,39.0,6800,39.01,1100,39.03,100,39.05,200,HOLD
1782265455421,09:44:12,38.96,39.49,40.39,38.91,39.82,1134000.0,44930000.0,38.96,4100,38.92,1400,38.91,6600,38.9,6200,38.89,500,39.0,6900,39.01,1100,39.03,100,39.05,200,39.1,100,HOLD
1782265458420,09:44:15,39.0,39.49,40.39,38.91,39.82,1136700.0,45040000.0,38.95,200,38.92,1400,38.91,6700,38.9,6200,38.89,500,39.0,6600,39.01,1100,39.03,100,39.05,200,39.1,100,HOLD
1782265461423,09:44:18,38.95,39.49,40.39,38.91,39.82,1148500.0,45500000.0,38.91,3700,38.9,7200,38.89,500,38.88,6800,38.87,800,38.99,200,39.0,2300,39.01,1100,39.03,100,39.05,200,HOLD
1782265464423,09:44:21,38.95,39.49,40.39,38.91,39.82,1150100.0,45560000.0,38.95,300,38.92,400,38.91,4000,38.9,7400,38.89,500,38.99,700,39.0,2300,39.05,200,39.1,100,39.11,1100,HOLD
1782265467425,09:44:24,39.0,39.49,40.39,38.91,39.82,1151200.0,45600000.0,38.99,200,38.96,100,38.95,1400,38.93,2100,38.92,500,39.0,2100,39.05,200,39.1,100,39.11,1100,39.14,300,HOLD
1782265470426,09:44:27,39.0,39.49,40.39,38.91,39.82,1154900.0,45750000.0,39.0,700,38.99,200,38.96,5000,38.95,1800,38.93,2100,39.05,200,39.09,300,39.1,100,39.11,1100,39.14,300,HOLD
1782265473426,09:44:30,39.05,39.49,40.39,38.91,39.82,1157300.0,45840000.0,39.05,200,39.0,200,38.99,1500,38.96,5000,38.95,2500,39.09,300,39.1,100,39.11,1100,39.14,300,39.15,100,HOLD
1782265476429,09:44:33,39.05,39.49,40.39,38.91,39.82,1157800.0,45860000.0,39.0,400,38.99,900,38.96,3500,38.95,2500,38.93,2100,39.05,400,39.08,700,39.09,200,39.1,100,39.11,700,HOLD
1782265479429,09:44:36,39.05,39.49,40.39,38.91,39.82,1159100.0,45910000.0,39.05,300,39.01,200,39.0,500,38.99,200,38.96,3500,39.08,700,39.09,200,39.1,100,39.11,700,39.14,300,HOLD
1782265482436,09:44:39,39.01,39.49,40.39,38.91,39.82,1159500.0,45930000.0,39.01,200,39.0,500,38.96,3000,38.95,2500,38.93,2100,39.04,700,39.05,700,39.07,300,39.08,1100,39.09,200,HOLD
1782265485432,09:44:42,39.08,39.49,40.39,38.91,39.82,1164100.0,46100000.0,39.06,200,39.05,500,39.01,400,39.0,500,38.96,3000,39.08,400,39.1,100,39.11,700,39.14,300,39.15,100,HOLD
1782265488433,09:44:45,39.08,39.49,40.39,38.91,39.82,1164900.0,46140000.0,39.05,400,39.01,400,39.0,1000,38.96,3000,38.95,2200,39.08,500,39.1,100,39.11,700,39.14,300,39.15,100,HOLD
1782265491435,09:44:48,39.06,39.49,40.39,38.91,39.82,1171400.0,46390000.0,39.02,300,39.01,400,39.0,1100,38.96,3000,38.95,2200,39.06,200,39.07,300,39.08,500,39.1,100,39.11,700,HOLD
1782265494437,09:44:51,39.06,39.49,40.39,38.91,39.82,1172200.0,46420000.0,39.06,300,39.02,100,39.01,400,39.0,1100,38.96,3300,39.07,100,39.08,500,39.1,100,39.11,700,39.14,300,HOLD
1782265497437,09:44:54,39.02,39.49,40.39,38.91,39.82,1173800.0,46480000.0,39.07,400,39.06,100,39.03,300,39.02,500,39.01,400,39.08,400,39.1,100,39.11,700,39.2,100,39.21,200,HOLD
1782265503443,09:45:00,39.09,39.49,40.39,38.91,39.82,1175900.0,46570000.0,39.08,100,39.06,1600,39.05,1100,39.03,300,39.02,500,39.1,600,39.11,200,39.12,400,39.2,100,39.21,200,HOLD
1782265506445,09:45:03,39.06,39.49,40.39,38.91,39.82,1177300.0,46620000.0,39.06,1500,39.05,1300,39.03,300,39.02,400,39.01,400,39.08,100,39.11,400,39.12,400,39.2,100,39.21,200,HOLD
1782265509446,09:45:06,39.12,39.49,40.39,38.91,39.82,1179700.0,46710000.0,39.1,800,39.08,100,39.07,400,39.06,1600,39.05,1300,39.17,700,39.18,100,39.19,200,39.2,100,39.21,200,HOLD
1782265512447,09:45:09,39.11,39.49,40.39,38.91,39.82,1180900.0,46760000.0,39.11,200,39.1,500,39.08,300,39.07,400,39.06,1800,39.14,500,39.15,100,39.16,200,39.17,600,39.18,100,HOLD
1782265515447,09:45:12,39.1,39.49,40.39,38.91,39.82,1181200.0,46770000.0,39.1,400,39.08,900,39.07,400,39.06,2100,39.05,1300,39.14,500,39.15,100,39.16,200,39.17,600,39.18,100,HOLD
1782265518449,09:45:15,39.08,39.49,40.39,38.91,39.82,1183800.0,46870000.0,39.07,400,39.06,2200,39.05,1300,39.02,500,39.01,300,39.1,300,39.11,1400,39.12,1500,39.14,800,39.15,100,HOLD
1782265521451,09:45:18,39.05,39.49,40.39,38.91,39.82,1188800.0,47070000.0,39.02,500,39.01,300,39.0,4200,38.98,200,38.96,3300,39.06,200,39.07,400,39.09,1400,39.1,5200,39.11,1400,HOLD
1782265524453,09:45:21,39.07,39.49,40.39,38.91,39.82,1189600.0,47100000.0,39.03,500,39.02,800,39.01,300,39.0,4200,38.98,200,39.06,100,39.07,300,39.09,1400,39.1,4400,39.11,1400,HOLD
1782265527454,09:45:24,39.06,39.49,40.39,38.91,39.82,1190100.0,47120000.0,39.03,500,39.02,800,39.01,300,39.0,4200,38.98,200,39.07,500,39.09,1400,39.1,3200,39.11,1400,39.12,1500,HOLD
1782265530456,09:45:27,39.06,39.49,40.39,38.91,39.82,1193900.0,47270000.0,39.05,500,39.02,800,39.01,400,39.0,4200,38.98,200,39.06,200,39.08,600,39.09,1100,39.1,3200,39.11,1400,HOLD
1782265533456,09:45:30,39.05,39.49,40.39,38.91,39.82,1196400.0,47370000.0,39.02,2300,39.01,400,39.0,5300,38.98,1700,38.96,3300,39.05,3300,39.06,300,39.08,1200,39.09,1100,39.1,3200,HOLD
1782265536458,09:45:33,39.05,39.49,40.39,38.91,39.82,1197600.0,47410000.0,39.02,2200,39.01,400,39.0,5800,38.98,1700,38.96,3300,39.05,3000,39.06,200,39.08,1200,39.09,1100,39.1,3200,HOLD
1782265539459,09:45:36,39.02,39.49,40.39,38.91,39.82,1202200.0,47590000.0,39.01,400,39.0,9300,38.98,1700,38.96,3300,38.95,2100,39.02,100,39.04,100,39.05,400,39.06,200,39.08,3200,HOLD
1782265542464,09:45:39,38.98,39.49,40.39,38.91,39.82,1218400.0,48230000.0,38.96,2800,38.95,2100,38.93,2100,38.91,5000,38.9,9400,38.97,500,38.98,3600,38.99,100,39.0,2600,39.01,1300,HOLD
1782265545460,09:45:42,38.96,39.49,40.39,38.91,39.82,1220800.0,48320000.0,38.96,600,38.95,2100,38.93,2100,38.91,5000,38.9,9400,38.97,300,38.98,4500,38.99,500,39.0,2600,39.01,300,HOLD
1782265548461,09:45:45,38.95,39.49,40.39,38.91,39.82,1222300.0,48380000.0,38.95,1300,38.93,2100,38.92,100,38.91,4800,38.9,9400,38.96,8900,38.97,600,38.98,4600,38.99,500,39.0,2600,HOLD
1782265551463,09:45:48,38.93,39.49,40.39,38.9,39.82,1237700.0,48980000.0,38.9,5200,38.89,500,38.88,7300,38.87,1000,38.86,900,38.93,3400,38.94,300,38.95,4500,38.96,8900,38.97,200,HOLD
1782265554465,09:45:51,38.93,39.49,40.39,38.9,39.82,1238300.0,49000000.0,38.9,5100,38.89,500,38.88,7300,38.87,1000,38.86,500,38.93,2000,38.94,300,38.95,4600,38.96,8600,38.97,200,HOLD
1782265560467,09:45:57,38.93,39.49,40.39,38.9,39.82,1242500.0,49160000.0,38.93,1200,38.9,4000,38.89,500,38.88,7300,38.87,1000,38.95,3600,38.96,8600,38.97,200,38.98,900,38.99,500,HOLD
1782265563467,09:46:00,38.93,39.49,40.39,38.9,39.82,1243400.0,49200000.0,38.93,1400,38.9,4200,38.89,600,38.88,7300,38.87,1000,38.95,3300,38.97,200,38.98,900,38.99,500,39.0,1300,HOLD
1782265566470,09:46:03,38.98,39.49,40.39,38.9,39.82,1248900.0,49410000.0,38.98,500,38.96,700,38.95,900,38.94,500,38.93,2000,39.0,700,39.02,1000,39.06,200,39.08,3200,39.1,200,HOLD
1782265569470,09:46:06,39.0,39.49,40.39,38.9,39.82,1249800.0,49450000.0,39.0,100,38.99,100,38.98,2200,38.96,700,38.95,700,39.02,1000,39.06,200,39.08,3200,39.1,200,39.12,1500,HOLD
1782265572471,09:46:09,39.02,39.49,40.39,38.9,39.82,1251300.0,49510000.0,39.02,1300,39.01,100,39.0,400,38.99,100,38.98,2200,39.08,3200,39.1,200,39.12,1500,39.18,100,39.19,200,HOLD
1782265575472,09:46:12,39.02,39.49,40.39,38.9,39.82,1252700.0,49560000.0,39.02,400,39.01,100,39.0,300,38.99,100,38.98,2200,39.08,3600,39.1,200,39.12,1500,39.18,100,39.19,200,HOLD
1782265578473,09:46:15,39.0,39.49,40.39,38.9,39.82,1253500.0,49590000.0,39.0,300,38.99,100,38.98,2000,38.95,2300,38.94,500,39.02,300,39.06,300,39.07,1600,39.08,2800,39.1,200,HOLD
1782265581476,09:46:18,38.99,39.49,40.39,38.9,39.82,1254300.0,49620000.0,38.98,2000,38.97,200,38.95,2300,38.94,200,38.93,3800,38.99,300,39.0,700,39.01,600,39.02,300,39.04,600,HOLD
1782265584476,09:46:21,38.98,39.49,40.39,38.9,39.82,1255200.0,49660000.0,38.99,100,38.98,1600,38.97,200,38.96,100,38.95,2400,39.0,700,39.01,200,39.02,300,39.06,300,39.07,1600,HOLD
1782265587477,09:46:24,38.99,39.49,40.39,38.9,39.82,1256000.0,49690000.0,38.98,1600,38.97,200,38.96,100,38.95,2400,38.94,200,39.0,200,39.01,200,39.02,800,39.06,300,39.07,1600,HOLD
1782265593480,09:46:30,39.02,39.49,40.39,38.9,39.82,1257200.0,49740000.0,39.02,600,39.0,700,38.99,10700,38.98,2700,38.97,200,39.06,300,39.08,2800,39.1,200,39.12,1500,39.18,100,HOLD
1782265599482,09:46:36,39.02,39.49,40.39,38.9,39.82,1258400.0,49780000.0,39.03,400,39.02,400,39.01,200,39.0,1100,38.99,10700,39.06,1200,39.08,2800,39.1,200,39.12,1500,39.18,100,HOLD
1782265602488,09:46:39,39.06,39.49,40.39,38.9,39.82,1258500.0,49790000.0,39.04,200,39.03,400,39.02,600,39.01,200,39.0,1100,39.05,300,39.06,1100,39.08,2800,39.1,200,39.12,1500,HOLD
1782265605484,09:46:42,39.02,39.49,40.39,38.9,39.82,1261600.0,49910000.0,39.0,2000,38.99,10000,38.98,4200,38.97,400,38.96,200,39.02,100,39.03,2000,39.04,100,39.05,300,39.06,1100,HOLD
1782265608486,09:46:45,39.0,39.49,40.39,38.9,39.82,1261700.0,49910000.0,39.0,1900,38.99,10000,38.98,4200,38.97,400,38.96,200,39.01,700,39.02,100,39.03,2100,39.04,100,39.05,300,HOLD
1782265611489,09:46:48,38.98,39.49,40.39,38.9,39.82,1275700.0,50460000.0,38.98,3300,38.97,400,38.96,200,38.95,2700,38.94,400,38.99,6900,39.0,9100,39.01,700,39.02,100,39.03,900,HOLD
1782265614489,09:46:51,39.0,39.49,40.39,38.9,39.82,1290400.0,51030000.0,38.98,3300,38.97,400,38.96,200,38.95,2700,38.94,400,38.99,500,39.0,1100,39.01,700,39.02,100,39.03,900,HOLD
1782265617491,09:46:54,38.98,39.49,40.39,38.9,39.82,1292100.0,51100000.0,38.98,2300,38.97,400,38.96,200,38.95,3100,38.94,400,38.99,400,39.0,2300,39.01,700,39.02,100,39.03,900,HOLD
1782265620491,09:46:57,38.99,39.49,40.39,38.9,39.82,1292700.0,51120000.0,38.99,600,38.98,2600,38.97,400,38.96,200,38.95,3100,39.0,2300,39.01,900,39.02,100,39.03,900,39.06,1100,HOLD
1782265623492,09:47:00,38.99,39.49,40.39,38.9,39.82,1293300.0,51140000.0,38.99,1700,38.98,2700,38.97,400,38.96,200,38.95,3600,39.0,1200,39.01,900,39.02,100,39.03,900,39.06,1100,HOLD
1782265626494,09:47:03,38.98,39.49,40.39,38.9,39.82,1296900.0,51280000.0,38.98,3500,38.97,400,38.96,200,38.95,3600,38.94,400,38.99,3900,39.0,1700,39.01,900,39.02,100,39.03,900,HOLD
1782265629495,09:47:06,38.99,39.49,40.39,38.9,39.82,1299800.0,51400000.0,38.98,900,38.97,400,38.96,200,38.95,3600,38.94,400,38.99,4200,39.0,3200,39.01,900,39.02,100,39.03,900,HOLD
1782265632496,09:47:09,38.98,39.49,40.39,38.9,39.82,1301200.0,51450000.0,38.97,400,38.96,200,38.95,3600,38.94,400,38.93,5600,38.98,1100,38.99,4200,39.0,3100,39.01,900,39.02,100,HOLD
1782265635498,09:47:12,38.98,39.49,40.39,38.9,39.82,1303200.0,51530000.0,38.98,1000,38.97,400,38.96,200,38.95,3500,38.94,400,38.99,4000,39.0,3300,39.01,900,39.02,100,39.03,900,HOLD
1782265638499,09:47:15,38.99,39.49,40.39,38.9,39.82,1310600.0,51820000.0,38.99,1200,38.97,600,38.96,200,38.95,3500,38.94,400,39.0,3900,39.01,900,39.02,100,39.03,900,39.06,1100,HOLD
1782265641501,09:47:18,39.01,39.49,40.39,38.9,39.82,1314800.0,51980000.0,39.0,1800,38.99,1500,38.98,1300,38.97,700,38.96,200,39.01,800,39.02,100,39.03,900,39.06,1100,39.08,2800,HOLD
1782265644504,09:47:21,39.0,39.49,40.39,38.9,39.82,1316100.0,52030000.0,39.0,1600,38.99,1500,38.98,2200,38.97,700,38.96,200,39.03,700,39.06,1100,39.08,2800,39.1,3700,39.18,100,HOLD
1782265647503,09:47:24,39.03,39.49,40.39,38.9,39.82,1316800.0,52060000.0,39.01,400,39.0,5700,38.99,1500,38.98,2700,38.97,500,39.06,1100,39.08,2800,39.1,3700,39.18,100,39.19,200,HOLD
1782265650505,09:47:27,39.03,39.49,40.39,38.9,39.82,1317500.0,52090000.0,39.03,100,39.02,100,39.01,100,39.0,6000,38.99,1200,39.06,1100,39.08,2800,39.1,3700,39.18,100,39.19,200,HOLD
1782265653507,09:47:30,39.06,39.49,40.39,38.9,39.82,1319000.0,52150000.0,39.02,100,39.01,1100,39.0,3200,38.99,2200,38.98,3300,39.08,2700,39.1,3700,39.18,100,39.19,200,39.2,300,HOLD
1782265656510,09:47:33,39.02,39.49,40.39,38.9,39.82,1320800.0,52220000.0,39.02,200,39.01,1100,39.0,3200,38.99,2200,38.98,3300,39.04,200,39.07,1200,39.08,2000,39.1,3700,39.18,100,HOLD
1782265659510,09:47:36,39.04,39.49,40.39,38.9,39.82,1321300.0,52240000.0,39.04,300,39.02,200,39.01,3600,39.0,10200,38.99,2200,39.05,500,39.07,200,39.08,2000,39.1,3700,39.18,100,HOLD
1782265662514,09:47:39,39.04,39.49,40.39,38.9,39.82,1321300.0,52240000.0,39.04,1200,39.02,600,39.01,3800,39.0,10200,38.99,2200,39.05,500,39.07,200,39.08,2000,39.1,3700,39.18,100,HOLD
1782265665512,09:47:42,39.05,39.49,40.39,38.9,39.82,1327300.0,52470000.0,39.05,5100,39.04,1400,39.02,500,39.01,3800,39.0,10200,39.07,400,39.08,2100,39.1,3700,39.12,300,39.18,100,HOLD
1782265668513,09:47:45,39.05,39.49,40.39,38.9,39.82,1329600.0,52560000.0,39.05,4400,39.04,1500,39.02,200,39.01,3600,39.0,10200,39.08,1200,39.09,100,39.1,3700,39.12,300,39.18,100,HOLD
1782265671516,09:47:48,39.08,39.49,40.39,38.9,39.82,1330000.0,52580000.0,39.05,4500,39.04,1500,39.02,200,39.01,3600,39.0,9500,39.08,800,39.09,100,39.1,3700,39.12,300,39.18,100,HOLD
1782265674518,09:47:51,39.08,39.49,40.39,38.9,39.82,1330400.0,52590000.0,39.05,5000,39.04,800,39.02,200,39.01,3600,39.0,9000,39.08,500,39.09,100,39.1,3700,39.12,300,39.18,100,HOLD
1782265677519,09:47:54,39.12,39.49,40.39,38.9,39.82,1335000.0,52770000.0,39.11,300,39.1,300,39.08,2800,39.06,500,39.05,5000,39.18,100,39.2,300,39.21,200,39.25,100,39.3,2500,HOLD
1782265680520,09:47:57,39.17,39.49,40.39,38.9,39.82,1335500.0,52790000.0,39.13,2200,39.11,600,39.08,2800,39.06,500,39.05,4800,39.17,400,39.18,100,39.2,300,39.21,200,39.25,100,HOLD
1782265683521,09:48:00,39.17,39.49,40.39,38.9,39.82,1335900.0,52810000.0,39.15,100,39.13,2200,39.11,500,39.08,2800,39.06,500,39.18,300,39.21,200,39.25,100,39.3,2500,39.31,200,HOLD
1782265686509,09:48:03,39.18,39.49,40.39,38.9,39.82,1338500.0,52910000.0,39.15,300,39.13,2200,39.11,500,39.08,3300,39.06,500,39.18,300,39.21,200,39.25,100,39.3,2500,39.31,200,HOLD
1782265692511,09:48:09,39.15,39.49,40.39,38.9,39.82,1340200.0,52970000.0,39.15,100,39.13,2200,39.12,2000,39.11,500,39.08,3300,39.18,600,39.21,200,39.25,100,39.29,600,39.3,2500,HOLD
1782265695511,09:48:12,39.17,39.49,40.39,38.9,39.82,1341500.0,53030000.0,39.16,300,39.15,600,39.13,2200,39.12,2000,39.11,400,39.17,100,39.18,200,39.21,200,39.25,100,39.29,600,HOLD
1782265698513,09:48:15,39.16,39.49,40.39,38.9,39.82,1342300.0,53060000.0,39.16,200,39.15,200,39.13,2200,39.12,2000,39.11,400,39.18,200,39.21,200,39.25,100,39.29,600,39.3,2500,HOLD
1782265701513,09:48:18,39.16,39.49,40.39,38.9,39.82,1343800.0,53120000.0,39.13,2100,39.12,2000,39.11,400,39.08,3300,39.05,4100,39.16,6400,39.18,200,39.21,200,39.25,200,39.29,600,HOLD
1782265704517,09:48:21,39.13,39.49,40.39,38.9,39.82,1346700.0,53230000.0,39.12,1900,39.11,400,39.1,100,39.08,3300,39.05,4100,39.13,1600,39.16,6400,39.18,200,39.21,200,39.25,200,HOLD
1782265710517,09:48:27,39.08,39.49,40.39,38.9,39.82,1351200.0,53410000.0,39.08,200,39.05,4600,39.04,100,39.02,200,39.01,2500,39.1,5200,39.11,2400,39.13,800,39.16,1200,39.18,200,HOLD
1782265713518,09:48:30,39.09,39.49,40.39,38.9,39.82,1352400.0,53450000.0,39.08,200,39.05,4600,39.04,100,39.02,200,39.01,2500,39.09,1200,39.1,5200,39.11,2500,39.13,900,39.16,1200,HOLD
1782265716520,09:48:33,39.08,39.49,40.39,38.9,39.82,1352600.0,53460000.0,39.05,4600,39.04,100,39.02,200,39.01,2500,39.0,10700,39.08,2600,39.1,2600,39.11,200,39.13,900,39.16,1200,HOLD
1782265719507,09:48:36,39.08,39.49,40.39,38.9,39.82,1373800.0,54290000.0,39.01,26300,39.0,10700,38.99,3900,38.98,3100,38.97,300,39.08,3200,39.1,2600,39.11,200,39.13,800,39.16,1200,HOLD
1782265725517,09:48:42,39.05,39.49,40.39,38.9,39.82,1375300.0,54350000.0,39.01,12400,39.0,11700,38.99,4200,38.98,3100,38.97,300,39.07,1600,39.08,2500,39.11,200,39.13,800,39.16,1200,HOLD
1782265728511,09:48:45,39.02,39.49,40.39,38.9,39.82,1376000.0,54370000.0,39.03,100,39.02,100,39.01,12000,39.0,11700,38.99,4200,39.07,1500,39.08,2500,39.11,100,39.13,800,39.16,1200,HOLD
1782265731512,09:48:48,39.01,39.49,40.39,38.9,39.82,1376400.0,54390000.0,39.07,1200,39.03,200,39.01,11800,39.0,11700,38.99,4200,39.08,2600,39.11,700,39.16,1200,39.18,200,39.21,200,HOLD
1782265734515,09:48:51,39.08,39.49,40.39,38.9,39.82,1377300.0,54420000.0,39.07,800,39.03,200,39.01,1800,39.0,11900,38.99,4200,39.08,2100,39.11,700,39.16,1200,39.18,200,39.21,200,HOLD
1782265737515,09:48:54,39.08,39.49,40.39,38.9,39.82,1384300.0,54700000.0,39.05,400,39.04,1200,39.03,1400,39.02,1000,39.01,39800,39.08,1200,39.11,700,39.16,1200,39.18,200,39.21,200,HOLD
1782265740517,09:48:57,39.08,39.49,40.39,38.9,39.82,1385600.0,54750000.0,39.08,300,39.05,1000,39.04,400,39.03,1400,39.02,1000,39.11,1300,39.16,1200,39.18,200,39.21,200,39.25,200,HOLD
1782265743516,09:49:00,39.11,39.49,40.39,38.9,39.82,1385800.0,54760000.0,39.08,100,39.07,100,39.05,1000,39.03,1400,39.02,700,39.11,1100,39.16,1200,39.18,200,39.21,200,39.25,100,HOLD
1782265749519,09:49:06,39.02,39.49,40.39,38.9,39.82,1403100.0,55430000.0,39.01,1000,39.0,15100,38.99,5200,38.98,3200,38.97,500,39.02,100,39.04,1000,39.05,7300,39.07,200,39.08,3700,HOLD
1782265755522,09:49:12,39.02,39.49,40.39,38.9,39.82,1404100.0,55470000.0,39.02,100,39.01,1600,39.0,16400,38.99,5200,38.98,3200,39.04,1000,39.05,2400,39.08,3700,39.11,1200,39.12,100,HOLD
1782265758522,09:49:15,39.01,39.49,40.39,38.9,39.82,1406100.0,55550000.0,39.0,17400,38.99,5200,38.98,3200,38.97,500,38.96,200,39.01,200,39.04,1000,39.05,2400,39.08,3700,39.11,1200,HOLD
1782265761523,09:49:18,38.97,39.49,40.39,38.9,39.82,1434800.0,56670000.0,38.96,200,38.95,3700,38.94,700,38.93,5900,38.92,300,38.97,1300,38.98,28900,38.99,2100,39.0,15000,39.02,300,HOLD
1782265764526,09:49:21,38.98,39.49,40.39,38.9,39.82,1436300.0,56730000.0,38.96,200,38.95,3600,38.94,700,38.93,5900,38.92,300,38.99,700,39.0,9700,39.02,300,39.04,900,39.05,1900,HOLD
1782265767526,09:49:24,38.98,39.49,40.39,38.9,39.82,1436300.0,56730000.0,38.97,300,38.96,1100,38.95,3600,38.94,700,38.93,5900,38.98,700,38.99,700,39.0,5900,39.02,5100,39.04,900,HOLD
1782265770528,09:49:27,38.98,39.49,40.39,38.9,39.82,1436700.0,56740000.0,38.97,400,38.96,1100,38.95,3600,38.94,700,38.93,5900,38.98,400,38.99,700,39.0,5900,39.02,5600,39.04,900,HOLD
1782265773527,09:49:30,38.98,39.49,40.39,38.9,39.82,1437500.0,56770000.0,38.98,1400,38.97,500,38.96,1100,38.95,3500,38.94,700,38.99,500,39.0,5900,39.02,5600,39.04,900,39.05,1900,HOLD
1782265776529,09:49:33,38.98,39.49,40.39,38.9,39.82,1438700.0,56820000.0,38.98,3200,38.97,500,38.96,1100,38.95,3500,38.94,700,39.0,5900,39.01,200,39.02,5600,39.04,900,39.05,1900,HOLD
1782265779530,09:49:36,38.99,39.49,40.39,38.9,39.82,1439400.0,56850000.0,38.99,100,38.98,5800,38.97,500,38.96,1100,38.95,3700,39.0,4000,39.01,200,39.02,5600,39.04,700,39.05,1900,HOLD
1782265782532,09:49:39,39.0,39.49,40.39,38.9,39.82,1440000.0,56870000.0,39.0,100,38.99,500,38.98,5900,38.97,500,38.96,1100,39.01,200,39.02,600,39.04,700,39.05,1900,39.08,700,HOLD
1782265785537,09:49:42,39.0,39.49,40.39,38.9,39.82,1443400.0,57000000.0,39.0,2400,38.99,700,38.98,4500,38.97,500,38.96,1100,39.02,600,39.04,700,39.05,1900,39.08,700,39.11,1200,HOLD
1782265788534,09:49:45,39.0,39.49,40.39,38.9,39.82,1445800.0,57100000.0,39.0,1400,38.99,700,38.98,4500,38.97,500,38.96,1100,39.02,700,39.04,700,39.05,1900,39.08,700,39.11,1200,HOLD
1782265794537,09:49:51,39.02,39.49,40.39,38.9,39.82,1446900.0,57140000.0,39.02,800,39.01,600,39.0,1500,38.99,400,38.98,4600,39.03,100,39.04,700,39.05,1900,39.08,700,39.11,1200,HOLD
1782265797538,09:49:54,39.0,39.49,40.39,38.9,39.82,1450900.0,57300000.0,38.98,4900,38.97,500,38.96,800,38.95,4800,38.94,500,39.0,23300,39.02,100,39.03,100,39.04,700,39.05,1900,HOLD
1782265800558,09:49:57,38.99,39.49,40.39,38.9,39.82,1451900.0,57330000.0,38.98,4300,38.97,500,38.96,800,38.95,4800,38.94,500,38.99,200,39.0,23300,39.02,100,39.03,100,39.04,700,HOLD
1782265803539,09:50:00,38.94,39.49,40.39,38.9,39.82,1463000.0,57770000.0,38.93,6100,38.92,300,38.91,800,38.9,21300,38.89,700,38.94,500,38.95,1200,38.96,100,38.97,600,38.98,4000,HOLD
1782265806541,09:50:03,38.9,39.49,40.39,38.9,39.82,1470600.0,58060000.0,38.9,21400,38.89,700,38.88,8200,38.87,800,38.86,300,38.91,600,38.92,300,38.93,200,38.94,400,38.95,1000,HOLD
1782265809542,09:50:06,38.88,39.49,40.39,38.8,39.82,1511900.0,59670000.0,38.83,800,38.82,2500,38.81,3300,38.8,8700,38.79,1500,38.88,400,38.89,15700,38.9,78500,38.91,500,38.92,300,HOLD
1782265812543,09:50:09,38.82,39.49,40.39,38.8,39.82,1519200.0,59950000.0,38.82,1800,38.8,8700,38.79,1500,38.78,1200,38.77,300,38.83,12500,38.87,500,38.88,2700,38.89,15000,38.9,66200,HOLD
1782265815544,09:50:12,38.8,39.49,40.39,38.8,39.82,1528000.0,60290000.0,38.8,4900,38.79,1500,38.78,1200,38.77,300,38.76,1100,38.82,1800,38.83,12500,38.87,500,38.88,2700,38.89,14300,HOLD
1782265818545,09:50:15,38.8,39.49,40.39,38.8,39.82,1530500.0,60390000.0,38.8,2600,38.79,1500,38.78,1200,38.77,300,38.76,1100,38.82,2800,38.83,12500,38.87,500,38.88,2700,38.89,14300,HOLD
1782265821547,09:50:18,38.83,39.49,40.39,38.8,39.82,1562200.0,61620000.0,38.83,17500,38.82,4200,38.8,300,38.79,1500,38.78,1200,38.87,100,38.88,2600,38.89,14300,38.9,64100,38.91,500,HOLD
1782265824547,09:50:21,38.83,39.49,40.39,38.8,39.82,1566800.0,61800000.0,38.83,13400,38.82,1300,38.8,1700,38.79,1500,38.78,1200,38.87,100,38.88,2600,38.89,14300,38.9,64000,38.91,500,HOLD
1782265827548,09:50:24,38.83,39.49,40.39,38.8,39.82,1568400.0,61860000.0,38.83,13300,38.82,1300,38.8,2100,38.79,1500,38.78,1200,38.87,900,38.88,2600,38.89,14300,38.9,64000,38.91,500,HOLD
1782265830550,09:50:27,38.83,39.49,40.39,38.8,39.82,1577200.0,62200000.0,38.84,100,38.83,5800,38.82,500,38.81,200,38.8,2300,38.87,900,38.88,2600,38.89,14300,38.9,64000,38.91,500,HOLD
1782265833552,09:50:30,38.84,39.49,40.39,38.8,39.82,1580300.0,62320000.0,38.83,7200,38.82,1000,38.81,200,38.8,2300,38.79,1700,38.87,300,38.88,2500,38.89,14300,38.9,64000,38.91,100,HOLD
1782265836551,09:50:33,38.84,39.49,40.39,38.8,39.82,1581200.0,62360000.0,38.83,7500,38.82,900,38.81,200,38.8,2900,38.79,1700,38.87,300,38.88,2500,38.89,14300,38.9,64000,38.91,100,HOLD
1782265839539,09:50:36,38.86,39.49,40.39,38.8,39.82,1581300.0,62360000.0,38.85,100,38.84,200,38.83,7600,38.82,1000,38.81,200,38.86,100,38.87,300,38.88,2600,38.89,14300,38.9,63600,HOLD
1782265842539,09:50:39,38.86,39.49,40.39,38.8,39.82,1585300.0,62520000.0,38.86,200,38.85,800,38.84,200,38.83,4700,38.82,1000,38.89,12800,38.9,63100,38.91,100,38.93,200,38.97,100,HOLD
1782265845545,09:50:42,38.9,39.49,40.39,38.8,39.82,1661600.0,65490000.0,38.91,200,38.9,10800,38.89,4500,38.87,1500,38.86,3300,38.98,100,38.99,400,39.0,23400,39.02,17100,39.05,1900,HOLD
1782265848541,09:50:45,38.98,39.49,40.39,38.8,39.82,1664100.0,65580000.0,38.9,3500,38.89,4200,38.88,300,38.87,1700,38.86,3400,39.0,23300,39.02,17100,39.05,1900,39.08,700,39.11,1200,HOLD
1782265851543,09:50:48,39.05,39.49,40.39,38.8,39.82,1707300.0,67270000.0,39.02,14200,39.01,500,39.0,26200,38.98,100,38.92,100,39.05,1100,39.08,700,39.11,1200,39.12,100,39.13,200,HOLD
1782265854544,09:50:51,39.05,39.49,40.39,38.8,39.82,1710100.0,67380000.0,39.0,19200,38.98,100,38.92,300,38.91,1500,38.9,2600,39.05,1000,39.09,100,39.11,1200,39.12,100,39.13,200,HOLD
1782265857544,09:50:54,39.09,39.49,40.39,38.8,39.82,1711200.0,67420000.0,39.05,400,39.02,1100,39.01,2400,39.0,20400,38.98,100,39.11,1200,39.12,100,39.13,200,39.18,200,39.21,200,HOLD
1782265860545,09:50:57,39.05,39.49,40.39,38.8,39.82,1711600.0,67440000.0,39.05,1700,39.02,1100,39.01,2400,39.0,20400,38.98,100,39.11,1200,39.12,100,39.13,200,39.18,200,39.21,200,HOLD
1782265863546,09:51:00,39.11,39.49,40.39,38.8,39.82,1712600.0,67480000.0,39.05,2900,39.02,1100,39.01,1600,39.0,20500,38.98,100,39.11,800,39.12,100,39.13,200,39.18,200,39.21,200,HOLD
1782265866547,09:51:03,39.11,39.49,40.39,38.8,39.82,1712600.0,67480000.0,39.05,1900,39.02,1100,39.01,1600,39.0,1400,38.98,100,39.11,1200,39.12,100,39.13,200,39.18,200,39.21,200,HOLD
1782265869549,09:51:06,39.11,39.49,40.39,38.8,39.82,1714300.0,67540000.0,39.05,1900,39.02,1100,39.01,1600,39.0,1400,38.98,100,39.12,100,39.13,200,39.18,200,39.21,200,39.25,100,HOLD
1782265872549,09:51:09,39.13,39.49,40.39,38.8,39.82,1714500.0,67550000.0,39.13,100,39.11,600,39.1,200,39.06,300,39.05,2000,39.17,700,39.18,200,39.21,200,39.25,100,39.3,2500,HOLD
1782265875552,09:51:12,39.13,39.49,40.39,38.8,39.82,1714500.0,67550000.0,39.13,800,39.11,300,39.1,200,39.06,300,39.05,1500,39.15,200,39.16,200,39.17,2800,39.18,200,39.2,100,HOLD
1782265878552,09:51:15,39.16,39.49,40.39,38.8,39.82,1714800.0,67560000.0,39.13,1900,39.11,300,39.1,200,39.06,300,39.05,1400,39.16,100,39.17,2800,39.18,200,39.2,100,39.21,200,HOLD
1782265881557,09:51:18,39.17,39.49,40.39,38.8,39.82,1715000.0,67570000.0,39.15,600,39.14,100,39.13,2800,39.12,300,39.11,300,39.17,2700,39.18,200,39.2,100,39.21,200,39.25,100,HOLD
1782265884555,09:51:21,39.17,39.49,40.39,38.8,39.82,1715100.0,67570000.0,39.15,1600,39.14,100,39.13,2800,39.12,300,39.11,300,39.17,3100,39.18,200,39.2,100,39.21,200,39.25,100,HOLD
1782265887555,09:51:24,39.13,39.49,40.39,38.8,39.82,1718700.0,67710000.0,39.13,900,39.12,300,39.11,300,39.06,300,39.05,1500,39.15,900,39.16,600,39.17,3100,39.18,200,39.2,100,HOLD
1782265890557,09:51:27,39.13,39.49,40.39,38.8,39.82,1720200.0,67770000.0,39.13,200,39.12,300,39.11,300,39.06,100,39.05,1500,39.15,100,39.16,600,39.17,3500,39.18,200,39.2,100,HOLD
1782265893557,09:51:30,39.12,39.49,40.39,38.8,39.82,1720800.0,67800000.0,39.11,300,39.06,100,39.05,1500,39.03,1400,39.01,100,39.13,100,39.14,300,39.15,2400,39.17,3800,39.18,200,HOLD
1782265896558,09:51:33,39.12,39.49,40.39,38.8,39.82,1722100.0,67850000.0,39.05,1500,39.03,1500,39.01,100,39.0,1300,38.98,100,39.12,100,39.13,1100,39.14,300,39.15,2600,39.16,300,HOLD
1782265899560,09:51:36,39.11,39.49,40.39,38.8,39.82,1722300.0,67860000.0,39.05,1600,39.03,1500,39.01,100,39.0,3900,38.98,100,39.09,200,39.1,300,39.11,600,39.13,1100,39.14,300,HOLD
1782265902561,09:51:39,39.1,39.49,40.39,38.8,39.82,1723500.0,67900000.0,39.05,1600,39.03,1500,39.01,100,39.0,3900,38.98,100,39.1,200,39.11,900,39.12,2000,39.13,1100,39.14,300,HOLD
1782265905577,09:51:42,39.05,39.49,40.39,38.8,39.82,1725600.0,67980000.0,39.03,1500,39.01,300,39.0,3900,38.98,100,38.93,900,39.05,1700,39.09,1200,39.1,1100,39.11,600,39.12,2000,HOLD
1782265908565,09:51:45,39.05,39.49,40.39,38.8,39.82,1726600.0,68020000.0,39.03,1500,39.01,300,39.0,3900,38.98,100,38.93,900,39.05,900,39.09,1200,39.1,1700,39.11,600,39.12,2000,HOLD
1782265911567,09:51:48,39.03,39.49,40.39,38.8,39.82,1726700.0,68030000.0,39.03,1500,39.01,300,39.0,4000,38.98,100,38.93,900,39.05,5900,39.09,100,39.1,1000,39.11,600,39.12,2000,HOLD
1782265914553,09:51:51,39.04,39.49,40.39,38.8,39.82,1727700.0,68070000.0,39.03,900,39.01,300,39.0,4000,38.98,100,38.93,900,39.04,300,39.05,5900,39.09,100,39.1,100,39.11,600,HOLD
1782265917554,09:51:54,39.04,39.49,40.39,38.8,39.82,1727700.0,68070000.0,39.04,100,39.03,1100,39.01,300,39.0,4000,38.98,100,39.05,5900,39.09,100,39.1,100,39.11,600,39.12,2000,HOLD
1782265920554,09:51:57,39.09,39.49,40.39,38.8,39.82,1733900.0,68310000.0,39.05,200,39.03,1100,39.01,300,39.0,4100,38.98,100,39.1,100,39.11,600,39.12,2000,39.13,1000,39.15,2300,HOLD
1782265923556,09:52:00,39.1,39.49,40.39,38.8,39.82,1737400.0,68440000.0,39.04,7300,39.03,1100,39.01,300,39.0,4100,38.98,100,39.05,200,39.11,100,39.12,2000,39.13,1000,39.15,2300,HOLD
1782265926559,09:52:03,39.05,39.49,40.39,38.8,39.82,1737600.0,68450000.0,39.06,100,39.05,2100,39.04,3800,39.03,1100,39.01,300,39.11,100,39.12,2000,39.13,1000,39.15,2300,39.16,1200,HOLD
1782265929558,09:52:06,39.06,39.49,40.39,38.8,39.82,1738100.0,68470000.0,39.05,8800,39.04,2000,39.03,1100,39.01,1000,39.0,4100,39.06,200,39.11,2500,39.12,2000,39.13,1000,39.15,2300,HOLD
1782265932559,09:52:09,39.08,39.49,40.39,38.8,39.82,1738400.0,68480000.0,39.05,7000,39.04,1900,39.03,1100,39.01,1000,39.0,4100,39.06,400,39.08,100,39.11,1300,39.12,2000,39.13,1000,HOLD
1782265935561,09:52:12,39.05,39.49,40.39,38.8,39.82,1744700.0,68730000.0,39.05,1000,39.04,1900,39.03,1100,39.01,1000,39.0,4800,39.06,10100,39.11,300,39.12,2000,39.13,1000,39.15,2300,HOLD
1782265938561,09:52:15,39.05,39.49,40.39,38.8,39.82,1745400.0,68760000.0,39.05,900,39.04,1900,39.03,1100,39.01,1000,39.0,5000,39.06,9600,39.11,300,39.12,2000,39.13,1000,39.15,2300,HOLD
1782265941561,09:52:18,39.05,39.49,40.39,38.8,39.82,1748000.0,68860000.0,39.04,1800,39.03,1200,39.01,1000,39.0,4300,38.98,100,39.05,900,39.06,9500,39.11,100,39.12,2000,39.13,1000,HOLD
1782265944563,09:52:21,39.05,39.49,40.39,38.8,39.82,1750600.0,68960000.0,39.04,1400,39.03,1200,39.01,1000,39.0,4300,38.98,100,39.05,100,39.06,9500,39.11,100,39.12,2000,39.13,1000,HOLD
1782265947565,09:52:24,39.03,39.49,40.39,38.8,39.82,1755100.0,69140000.0,39.03,300,39.01,1000,39.0,4300,38.98,100,38.93,900,39.04,9200,39.05,1100,39.06,9500,39.12,2000,39.13,1000,HOLD
1782265950566,09:52:27,39.01,39.49,40.39,38.8,39.82,1756500.0,69190000.0,39.0,4300,38.98,100,38.93,900,38.92,100,38.9,3100,39.01,100,39.03,1900,39.04,9400,39.05,900,39.06,9500,HOLD
1782265953568,09:52:30,38.99,39.49,40.39,38.8,39.82,1762300.0,69420000.0,38.93,900,38.92,100,38.9,3100,38.89,200,38.88,1100,38.99,1500,39.0,2800,39.02,600,39.03,1300,39.04,9400,HOLD
1782265956569,09:52:33,38.98,39.49,40.39,38.8,39.82,1763800.0,69480000.0,38.9,3200,38.89,200,38.88,1100,38.87,500,38.86,1700,38.95,200,38.97,100,38.98,2100,38.99,1400,39.0,2600,HOLD
1782265959569,09:52:36,38.9,39.49,40.39,38.8,39.82,1763900.0,69480000.0,38.9,3100,38.89,200,38.88,1100,38.87,500,38.86,1700,38.95,200,38.97,100,38.98,2400,38.99,1400,39.0,2600,HOLD
1782265962572,09:52:39,38.9,39.49,40.39,38.8,39.82,1763900.0,69480000.0,38.91,100,38.9,2700,38.89,200,38.88,1100,38.87,500,38.95,200,38.97,100,38.98,2400,38.99,1400,39.0,2600,HOLD
1782265965572,09:52:42,38.91,39.49,40.39,38.8,39.82,1765000.0,69520000.0,38.9,3200,38.89,200,38.88,1100,38.87,500,38.86,1700,38.95,200,38.97,100,38.98,2400,38.99,1400,39.0,2600,HOLD
1782265968578,09:52:45,38.95,39.49,40.39,38.8,39.82,1765200.0,69530000.0,38.95,2800,38.91,600,38.9,3200,38.89,200,38.88,1100,38.97,100,38.98,1000,39.0,2500,39.01,200,39.03,200,HOLD
1782265971576,09:52:48,38.95,39.49,40.39,38.8,39.82,1765900.0,69560000.0,38.95,2200,38.91,600,38.9,3500,38.89,200,38.88,2100,38.98,1000,39.0,2500,39.03,300,39.04,8100,39.05,900,HOLD
1782265974577,09:52:51,38.95,39.49,40.39,38.8,39.82,1767600.0,69620000.0,38.95,800,38.92,400,38.91,600,38.9,5000,38.89,200,39.0,2500,39.03,300,39.04,8100,39.05,900,39.06,9500,HOLD
1782265977580,09:52:54,38.95,39.49,40.39,38.8,39.82,1767800.0,69630000.0,38.95,900,38.92,400,38.91,600,38.9,5000,38.89,200,38.97,400,38.99,700,39.0,2500,39.03,300,39.04,2100,HOLD
1782265980580,09:52:57,38.95,39.49,40.39,38.8,39.82,1768100.0,69640000.0,38.95,700,38.92,400,38.91,600,38.9,5000,38.89,700,38.97,400,38.99,700,39.0,2500,39.01,100,39.03,200,HOLD
1782265983582,09:53:00,38.95,39.49,40.39,38.8,39.82,1772800.0,69830000.0,38.94,1300,38.93,600,38.92,1000,38.91,600,38.9,5000,38.99,800,39.0,100,39.01,100,39.03,200,39.05,900,HOLD
1782265986585,09:53:03,38.95,39.49,40.39,38.8,39.82,1773500.0,69850000.0,38.95,300,38.94,1500,38.92,1000,38.91,600,38.9,4700,38.98,200,38.99,800,39.01,100,39.03,200,39.05,900,HOLD
1782265992587,09:53:09,38.98,39.49,40.39,38.8,39.82,1774400.0,69890000.0,38.98,3400,38.94,1200,38.92,500,38.91,1100,38.9,4800,38.99,800,39.01,100,39.03,200,39.05,900,39.06,9500,HOLD
1782265995589,09:53:12,38.98,39.49,40.39,38.8,39.82,1778900.0,70060000.0,38.96,100,38.95,300,38.94,100,38.92,500,38.91,1100,38.99,1400,39.01,100,39.03,200,39.05,900,39.06,9500,HOLD
1782265998590,09:53:15,38.99,39.49,40.39,38.8,39.82,1781000.0,70150000.0,38.98,400,38.97,300,38.96,600,38.95,400,38.94,100,39.01,100,39.03,200,39.06,9500,39.08,100,39.1,8300,HOLD
1782266001590,09:53:18,39.01,39.49,40.39,38.8,39.82,1781300.0,70160000.0,39.01,200,39.0,300,38.99,1900,38.98,800,38.97,300,39.03,200,39.06,9500,39.08,100,39.1,8300,39.12,2000,HOLD
1782266004591,09:53:21,39.03,39.49,40.39,38.8,39.82,1782100.0,70190000.0,39.05,400,39.04,500,39.03,1900,39.01,200,38.99,1600,39.06,9400,39.08,100,39.12,2000,39.13,1000,39.15,2300,HOLD
1782266010594,09:53:27,39.05,39.49,40.39,38.8,39.82,1785700.0,70330000.0,39.04,100,39.03,600,39.01,200,39.0,200,38.99,100,39.05,100,39.06,9200,39.08,100,39.12,2000,39.13,1000,HOLD
1782266013595,09:53:30,39.06,39.49,40.39,38.8,39.82,1786800.0,70370000.0,39.05,300,39.03,900,39.01,200,39.0,200,38.98,700,39.06,8900,39.08,100,39.12,2000,39.13,1000,39.15,2300,HOLD
1782266019598,09:53:36,39.12,39.49,40.39,38.8,39.82,1796300.0,70740000.0,39.09,800,39.08,400,39.07,700,39.06,2700,39.05,700,39.12,1500,39.13,1000,39.15,2300,39.16,1200,39.17,2800,HOLD
1782266022600,09:53:39,39.12,39.49,40.39,38.8,39.82,1797800.0,70800000.0,39.12,200,39.09,900,39.08,400,39.07,700,39.06,600,39.13,1000,39.15,2300,39.16,1200,39.17,2800,39.18,200,HOLD
1782266025601,09:53:42,39.15,39.49,40.39,38.8,39.82,1800700.0,70920000.0,39.13,200,39.12,300,39.09,900,39.08,400,39.07,700,39.15,400,39.16,1200,39.17,2800,39.18,200,39.2,3700,HOLD
1782266028606,09:53:45,39.17,39.49,40.39,38.8,39.82,1802500.0,70990000.0,39.15,1100,39.13,300,39.12,300,39.09,900,39.08,400,39.17,2800,39.18,200,39.2,3700,39.21,200,39.3,1400,HOLD
1782266031605,09:53:48,39.17,39.49,40.39,38.8,39.82,1802500.0,70990000.0,39.15,1200,39.13,300,39.12,300,39.09,800,39.08,400,39.17,2800,39.18,200,39.2,3700,39.21,200,39.3,1400,HOLD
1782266034604,09:53:51,39.15,39.49,40.39,38.8,39.82,1803200.0,71010000.0,39.13,300,39.12,300,39.09,700,39.08,400,39.07,700,39.15,9500,39.17,2600,39.18,300,39.2,3700,39.21,200,HOLD
1782266037607,09:53:54,39.15,39.49,40.39,38.8,39.82,1804700.0,71070000.0,39.13,400,39.12,100,39.09,700,39.08,400,39.07,700,39.15,8000,39.17,2600,39.18,300,39.2,3700,39.21,200,HOLD
1782266040608,09:53:57,39.15,39.49,40.39,38.8,39.82,1812700.0,71390000.0,39.15,3400,39.14,800,39.13,400,39.12,100,39.09,700,39.17,2600,39.18,300,39.2,3700,39.21,200,39.3,1400,HOLD
1782266043609,09:54:00,39.17,39.49,40.39,38.8,39.82,1814400.0,71450000.0,39.16,600,39.15,2400,39.14,800,39.13,400,39.12,100,39.17,1200,39.18,300,39.2,3700,39.21,200,39.3,1400,HOLD
1782266046609,09:54:03,39.17,39.49,40.39,38.8,39.82,1815700.0,71500000.0,39.16,200,39.15,1900,39.14,800,39.13,400,39.12,100,39.17,1700,39.18,300,39.2,3700,39.21,200,39.3,1400,HOLD
1782266049610,09:54:06,39.17,39.49,40.39,38.8,39.82,1817500.0,71570000.0,39.15,1000,39.14,800,39.13,400,39.12,100,39.09,700,39.17,1500,39.18,300,39.2,3700,39.21,200,39.3,1400,HOLD
1782266052613,09:54:09,39.16,39.49,40.39,38.8,39.82,1817600.0,71580000.0,39.16,300,39.15,3100,39.14,800,39.13,400,39.12,100,39.17,2300,39.18,300,39.2,3700,39.21,200,39.3,1400,HOLD
1782266055613,09:54:12,39.15,39.49,40.39,38.8,39.82,1823300.0,71800000.0,39.14,700,39.13,400,39.12,100,39.08,400,39.03,500,39.15,800,39.16,3700,39.17,3500,39.18,300,39.2,4100,HOLD
1782266058614,09:54:15,39.16,39.49,40.39,38.8,39.82,1826200.0,71910000.0,39.14,100,39.13,400,39.12,100,39.08,400,39.03,500,39.15,1000,39.16,2400,39.17,3500,39.18,300,39.2,4100,HOLD
1782266061615,09:54:18,39.14,39.49,40.39,38.8,39.82,1826300.0,71920000.0,39.13,400,39.12,100,39.08,400,39.03,500,39.01,400,39.14,200,39.15,1100,39.16,2400,39.17,3400,39.18,300,HOLD
1782266064617,09:54:21,39.15,39.49,40.39,38.8,39.82,1827800.0,71980000.0,39.13,400,39.12,100,39.08,400,39.03,500,39.01,400,39.15,800,39.16,2400,39.17,3400,39.18,300,39.2,4100,HOLD
1782266067617,09:54:24,39.15,39.49,40.39,38.8,39.82,1827800.0,71980000.0,39.13,400,39.12,100,39.08,600,39.03,500,39.01,400,39.14,600,39.15,800,39.16,2400,39.17,3500,39.18,200,HOLD
1782266070618,09:54:27,39.14,39.49,40.39,38.8,39.82,1827900.0,71980000.0,39.13,600,39.12,100,39.08,600,39.03,500,39.01,400,39.14,500,39.15,800,39.16,2500,39.17,3500,39.18,200,HOLD
1782266073620,09:54:30,39.15,39.49,40.39,38.8,39.82,1828500.0,72000000.0,39.14,1100,39.13,900,39.12,100,39.08,600,39.03,500,39.15,700,39.16,2500,39.17,2700,39.18,200,39.2,4100,HOLD
1782266076621,09:54:33,39.15,39.49,40.39,38.8,39.82,1828500.0,72000000.0,39.14,1100,39.13,900,39.12,100,39.08,600,39.03,500,39.15,1700,39.16,3300,39.17,2700,39.18,200,39.2,4100,HOLD
1782266079622,09:54:36,39.15,39.49,40.39,38.8,39.82,1829800.0,72050000.0,39.14,1200,39.13,900,39.12,100,39.08,600,39.03,500,39.15,400,39.16,3300,39.17,2700,39.18,200,39.2,4100,HOLD
1782266082624,09:54:39,39.15,39.49,40.39,38.8,39.82,1830200.0,72070000.0,39.15,1200,39.14,1300,39.13,900,39.12,100,39.08,600,39.16,3300,39.17,2700,39.18,200,39.2,4100,39.21,200,HOLD
1782266085626,09:54:42,39.16,39.49,40.39,38.8,39.82,1831000.0,72100000.0,39.15,900,39.14,1200,39.13,900,39.12,100,39.08,600,39.16,1700,39.17,2700,39.18,200,39.2,4100,39.21,200,HOLD
1782266088633,09:54:45,39.15,39.49,40.39,38.8,39.82,1832700.0,72170000.0,39.14,1300,39.13,900,39.12,100,39.08,600,39.03,500,39.15,2300,39.16,700,39.17,2700,39.18,200,39.2,4100,HOLD
1782266091629,09:54:48,39.15,39.49,40.39,38.8,39.82,1833000.0,72180000.0,39.14,1300,39.13,900,39.12,100,39.08,600,39.03,500,39.15,2000,39.16,700,39.17,2700,39.18,200,39.2,4100,HOLD
1782266094629,09:54:51,39.15,39.49,40.39,38.8,39.82,1833500.0,72200000.0,39.14,1400,39.13,900,39.12,100,39.08,600,39.03,500,39.15,5100,39.16,1000,39.17,2700,39.18,200,39.2,4100,HOLD
1782266097631,09:54:54,39.15,39.49,40.39,38.8,39.82,1835800.0,72290000.0,39.14,700,39.13,900,39.12,100,39.08,600,39.03,500,39.15,3900,39.16,1000,39.17,2600,39.18,200,39.2,4100,HOLD
1782266100662,09:54:57,39.14,39.49,40.39,38.8,39.82,1836500.0,72320000.0,39.13,900,39.12,100,39.08,600,39.03,500,39.01,400,39.14,2900,39.15,3900,39.16,1000,39.17,2600,39.18,500,HOLD
1782266103632,09:55:00,39.14,39.49,40.39,38.8,39.82,1836600.0,72320000.0,39.13,900,39.12,100,39.08,600,39.03,500,39.01,400,39.14,2800,39.15,3900,39.16,1000,39.17,2500,39.18,500,HOLD
1782266106633,09:55:03,39.13,39.49,40.39,38.8,39.82,1836700.0,72320000.0,39.13,800,39.12,100,39.08,600,39.03,500,39.01,400,39.14,2800,39.15,1200,39.16,1000,39.17,2500,39.18,500,HOLD
1782266109634,09:55:06,39.18,39.49,40.39,38.8,39.82,1846200.0,72700000.0,39.16,600,39.15,5000,39.14,1800,39.13,300,39.12,100,39.2,3800,39.21,200,39.26,15000,39.3,1400,39.31,200,HOLD
1782266115638,09:55:12,39.26,39.49,40.39,38.8,39.82,1859500.0,73220000.0,39.2,700,39.19,1100,39.18,1300,39.17,1900,39.16,300,39.26,10300,39.3,1400,39.31,200,39.38,200,39.39,200,HOLD
1782266118640,09:55:15,39.28,39.49,40.39,38.8,39.82,1870300.0,73640000.0,39.26,3900,39.24,200,39.23,1000,39.22,1200,39.21,2200,39.28,600,39.29,800,39.3,1500,39.31,200,39.36,200,HOLD
1782266121641,09:55:18,39.29,39.49,40.39,38.8,39.82,1872400.0,73720000.0,39.28,300,39.26,2300,39.24,200,39.23,1000,39.22,1200,39.29,300,39.3,1500,39.31,200,39.36,200,39.38,200,HOLD
1782266124646,09:55:21,39.31,39.49,40.39,38.8,39.82,1874400.0,73800000.0,39.31,500,39.3,600,39.28,3300,39.26,2400,39.24,200,39.35,100,39.36,300,39.38,200,39.39,200,39.5,1500,HOLD
1782266127645,09:55:24,39.31,39.49,40.39,38.8,39.82,1874400.0,73800000.0,39.32,200,39.31,800,39.3,600,39.29,400,39.28,500,39.35,100,39.36,300,39.38,200,39.39,200,39.5,1500,HOLD
1782266130646,09:55:27,39.3,39.49,40.39,38.8,39.82,1875600.0,73850000.0,39.29,300,39.28,500,39.26,1300,39.24,200,39.23,1000,39.3,500,39.32,500,39.34,200,39.35,2100,39.36,300,HOLD
1782266133647,09:55:30,39.29,39.49,40.39,38.8,39.82,1879200.0,73990000.0,39.28,200,39.26,1300,39.24,200,39.23,1000,39.22,700,39.32,400,39.36,300,39.37,100,39.38,400,39.39,200,HOLD
1782266136647,09:55:33,39.28,39.49,40.39,38.8,39.82,1879400.0,74000000.0,39.26,1300,39.22,700,39.21,1500,39.2,1800,39.19,1300,39.28,300,39.32,400,39.36,300,39.37,100,39.38,400,HOLD
1782266139649,09:55:36,39.32,39.49,40.39,38.8,39.82,1880000.0,74020000.0,39.26,1200,39.22,700,39.21,1500,39.2,1800,39.19,1300,39.28,800,39.32,100,39.36,300,39.37,100,39.38,400,HOLD
1782266142651,09:55:39,39.32,39.49,40.39,38.8,39.82,1880000.0,74020000.0,39.26,1200,39.22,900,39.21,1500,39.2,1800,39.19,1300,39.28,800,39.36,300,39.37,100,39.38,400,39.39,400,HOLD
1782266145651,09:55:42,39.22,39.49,40.39,38.8,39.82,1883900.0,74180000.0,39.2,500,39.19,200,39.17,1000,39.15,5000,39.14,1000,39.22,100,39.25,1800,39.26,400,39.27,800,39.28,3700,HOLD
1782266148657,09:55:45,39.24,39.49,40.39,38.8,39.82,1884200.0,74190000.0,39.2,600,39.19,200,39.17,1000,39.15,5000,39.14,1000,39.24,2300,39.25,600,39.26,400,39.27,800,39.28,3700,HOLD
1782266151655,09:55:48,39.22,39.49,40.39,38.8,39.82,1885600.0,74240000.0,39.2,300,39.19,200,39.17,1000,39.15,5000,39.14,1000,39.22,300,39.23,1200,39.24,2300,39.27,100,39.28,3700,HOLD
1782266154656,09:55:51,39.23,39.49,40.39,38.8,39.82,1886600.0,74280000.0,39.21,200,39.2,300,39.19,200,39.17,1000,39.15,5000,39.23,500,39.24,2300,39.27,100,39.28,3700,39.32,2100,HOLD
1782266157658,09:55:54,39.23,39.49,40.39,38.8,39.82,1886600.0,74280000.0,39.22,200,39.21,300,39.2,300,39.19,200,39.17,1000,39.23,500,39.24,2300,39.28,3700,39.32,2100,39.33,100,HOLD
1782266160658,09:55:57,39.23,39.49,40.39,38.8,39.82,1887600.0,74320000.0,39.22,400,39.21,300,39.2,300,39.19,500,39.17,1000,39.28,3700,39.32,2100,39.33,100,39.36,100,39.37,100,HOLD
1782266163660,09:56:00,39.27,39.49,40.39,38.8,39.82,1887700.0,74330000.0,39.23,100,39.22,700,39.21,300,39.2,500,39.19,500,39.27,100,39.28,3700,39.32,2300,39.33,100,39.36,100,HOLD
1782266166662,09:56:03,39.22,39.49,40.39,38.8,39.82,1887900.0,74330000.0,39.23,200,39.22,600,39.21,300,39.2,500,39.19,500,39.27,1600,39.28,3700,39.32,2100,39.33,100,39.36,100,HOLD
1782266169664,09:56:06,39.23,39.49,40.39,38.8,39.82,1888100.0,74340000.0,39.24,500,39.23,100,39.22,1000,39.21,300,39.2,500,39.27,1700,39.28,3900,39.32,2100,39.33,100,39.36,100,HOLD
1782266172664,09:56:09,39.23,39.49,40.39,38.8,39.82,1889100.0,74380000.0,39.22,800,39.21,300,39.2,400,39.19,500,39.17,1000,39.23,400,39.26,100,39.27,1600,39.28,3900,39.32,2100,HOLD
1782266175666,09:56:12,39.22,39.49,40.39,38.8,39.82,1891300.0,74470000.0,39.21,300,39.2,400,39.19,500,39.17,1000,39.16,600,39.22,28300,39.27,1900,39.28,4900,39.32,2000,39.33,100,HOLD
1782266178666,09:56:15,39.21,39.49,40.39,38.8,39.82,1894500.0,74590000.0,39.2,400,39.19,500,39.17,1000,39.16,600,39.15,5500,39.21,800,39.22,25500,39.27,1900,39.28,4900,39.3,100,HOLD
1782266181667,09:56:18,39.21,39.49,40.39,38.8,39.82,1894500.0,74590000.0,39.2,400,39.19,500,39.17,1000,39.16,600,39.15,5500,39.21,1000,39.22,25500,39.23,100,39.27,1900,39.28,4900,HOLD
1782266187670,09:56:24,39.22,39.49,40.39,38.8,39.82,1896200.0,74660000.0,39.21,1200,39.2,400,39.19,500,39.17,1000,39.16,600,39.22,24800,39.23,100,39.27,1900,39.28,4900,39.3,100,HOLD
1782266190671,09:56:27,39.22,39.49,40.39,38.8,39.82,1897000.0,74690000.0,39.21,1400,39.2,400,39.19,500,39.17,1000,39.16,600,39.22,24000,39.23,100,39.27,1900,39.28,4900,39.3,100,HOLD
1782266193672,09:56:30,39.2,39.49,40.39,38.8,39.82,1899400.0,74780000.0,39.19,300,39.17,1000,39.16,600,39.15,5500,39.13,200,39.21,300,39.22,24700,39.23,100,39.27,1300,39.28,4900,HOLD
1782266196672,09:56:33,39.2,39.49,40.39,38.8,39.82,1899400.0,74780000.0,39.19,300,39.17,1000,39.16,600,39.15,5500,39.13,200,39.21,400,39.22,24700,39.23,100,39.27,1300,39.28,4900,HOLD
1782266199673,09:56:36,39.21,39.49,40.39,38.8,39.82,1899500.0,74790000.0,39.19,300,39.17,1000,39.16,600,39.15,5500,39.13,200,39.21,300,39.22,24700,39.23,100,39.27,1300,39.28,4900,HOLD
1782266202676,09:56:39,39.21,39.49,40.39,38.8,39.82,1899800.0,74800000.0,39.21,700,39.2,600,39.19,300,39.17,1000,39.16,600,39.22,24700,39.23,100,39.27,1300,39.28,4900,39.3,100,HOLD
1782266205678,09:56:42,39.22,39.49,40.39,38.8,39.82,1903900.0,74960000.0,39.21,1700,39.2,1600,39.19,400,39.17,1000,39.16,600,39.22,20600,39.23,100,39.27,1300,39.28,4900,39.3,100,HOLD
1782266208683,09:56:45,39.2,39.49,40.39,38.8,39.82,1908700.0,75150000.0,39.17,1000,39.16,600,39.15,5500,39.1,200,39.08,200,39.2,2600,39.21,2500,39.22,21800,39.23,100,39.27,1300,HOLD
1782266211680,09:56:48,39.17,39.49,40.39,38.8,39.82,1910900.0,75240000.0,39.16,600,39.15,5500,39.1,200,39.08,200,39.03,500,39.17,4300,39.19,900,39.21,2500,39.22,19800,39.23,100,HOLD
1782266214681,09:56:51,39.16,39.49,40.39,38.8,39.82,1911900.0,75270000.0,39.16,400,39.15,5500,39.1,200,39.08,200,39.03,500,39.17,3500,39.19,900,39.21,1700,39.22,19800,39.23,100,HOLD
1782266220683,09:56:57,39.17,39.49,40.39,38.8,39.82,1912200.0,75290000.0,39.16,400,39.15,5500,39.1,200,39.08,200,39.03,500,39.17,3400,39.19,900,39.21,1300,39.22,19800,39.23,100,HOLD
1782266223683,09:57:00,39.17,39.49,40.39,38.8,39.82,1912700.0,75310000.0,39.16,900,39.15,5500,39.1,200,39.08,200,39.03,500,39.17,2900,39.19,900,39.21,1300,39.22,19800,39.23,100,HOLD
1782266226685,09:57:03,39.17,39.49,40.39,38.8,39.82,1912900.0,75310000.0,39.16,1000,39.15,5500,39.1,200,39.08,200,39.03,500,39.17,2700,39.19,900,39.21,1300,39.22,19800,39.25,100,HOLD
1782266229687,09:57:06,39.16,39.49,40.39,38.8,39.82,1913800.0,75350000.0,39.16,600,39.15,5500,39.1,200,39.08,200,39.03,500,39.17,2300,39.19,900,39.21,1400,39.22,19100,39.25,100,HOLD
1782266232688,09:57:09,39.15,39.49,40.39,38.8,39.82,1914600.0,75380000.0,39.15,5700,39.1,200,39.08,200,39.03,500,39.01,300,39.16,100,39.17,2300,39.19,900,39.21,1400,39.22,19100,HOLD
1782266235689,09:57:12,39.17,39.49,40.39,38.8,39.82,1916500.0,75450000.0,39.16,600,39.15,5700,39.1,200,39.08,200,39.03,500,39.17,600,39.19,900,39.21,1400,39.22,19100,39.25,100,HOLD
1782266238691,09:57:15,39.17,39.49,40.39,38.8,39.82,1917200.0,75480000.0,39.17,600,39.16,900,39.15,5500,39.1,200,39.08,200,39.21,1400,39.22,19100,39.25,100,39.27,1300,39.28,4900,HOLD
1782266241692,09:57:18,39.17,39.49,40.39,38.8,39.82,1917600.0,75500000.0,39.17,200,39.16,900,39.15,5600,39.1,700,39.08,200,39.21,1400,39.22,19100,39.25,100,39.27,1300,39.28,4900,HOLD
1782266244694,09:57:21,39.17,39.49,40.39,38.8,39.82,1917600.0,75500000.0,39.17,500,39.16,900,39.15,5600,39.1,700,39.08,200,39.2,800,39.21,1400,39.22,19100,39.25,100,39.27,1300,HOLD
1782266247698,09:57:24,39.17,39.49,40.39,38.8,39.82,1917600.0,75500000.0,39.18,100,39.17,500,39.16,900,39.15,5600,39.1,700,39.2,800,39.21,1400,39.22,19100,39.25,100,39.27,1300,HOLD
1782266250699,09:57:27,39.17,39.49,40.39,38.8,39.82,1919700.0,75580000.0,39.17,900,39.16,900,39.15,5800,39.1,700,39.08,200,39.21,1100,39.22,19100,39.25,100,39.27,1300,39.28,4900,HOLD
1782266253700,09:57:30,39.21,39.49,40.39,38.8,39.82,1920400.0,75610000.0,39.2,500,39.17,400,39.16,800,39.15,5800,39.1,1300,39.21,900,39.22,19100,39.25,100,39.27,1300,39.28,4900,HOLD
1782266256701,09:57:33,39.2,39.49,40.39,38.8,39.82,1921000.0,75630000.0,39.2,300,39.17,400,39.16,600,39.15,5800,39.1,1300,39.21,700,39.22,19100,39.25,100,39.27,1300,39.28,4900,HOLD
1782266259703,09:57:36,39.21,39.49,40.39,38.8,39.82,1921400.0,75650000.0,39.2,400,39.17,600,39.16,600,39.15,5800,39.1,1300,39.21,300,39.22,19100,39.25,100,39.27,1300,39.28,4900,HOLD
1782266262704,09:57:39,39.21,39.49,40.39,38.8,39.82,1921700.0,75660000.0,39.21,200,39.2,1300,39.17,600,39.16,600,39.15,5800,39.22,19100,39.23,100,39.27,1300,39.28,4900,39.31,300,HOLD
1782266265705,09:57:42,39.2,39.49,40.39,38.8,39.82,1923300.0,75720000.0,39.17,600,39.16,600,39.15,5800,39.1,1300,39.08,200,39.2,1300,39.21,200,39.24,3000,39.25,100,39.26,4900,HOLD
1782266271711,09:57:45,39.2,39.49,40.39,38.8,39.82,1923600.0,75730000.0,39.17,1700,39.16,600,39.15,5800,39.1,1300,39.08,200,39.19,15500,39.2,1600,39.21,200,39.23,100,39.24,2000,HOLD
1782266274709,09:57:48,39.19,39.49,40.39,38.8,39.82,1925300.0,75800000.0,39.17,2200,39.16,600,39.15,5800,39.1,1300,39.08,200,39.19,14000,39.2,2600,39.21,200,39.23,100,39.24,2000,HOLD
1782266277711,09:57:54,39.18,39.49,40.39,38.8,39.82,1926900.0,75860000.0,39.17,2300,39.16,400,39.15,5800,39.1,1300,39.09,100,39.18,200,39.19,12900,39.2,2100,39.23,100,39.24,2000,HOLD
1782266280713,09:57:57,39.18,39.49,40.39,38.8,39.82,1927100.0,75870000.0,39.17,2300,39.16,400,39.15,5800,39.1,1300,39.09,100,39.19,13600,39.2,2100,39.23,100,39.24,2000,39.26,2700,HOLD
1782266283713,09:58:00,39.19,39.49,40.39,38.8,39.82,1927600.0,75890000.0,39.18,600,39.17,2100,39.16,400,39.15,5800,39.1,1300,39.19,13400,39.2,2100,39.23,100,39.24,2000,39.26,2700,HOLD
1782266286715,09:58:03,39.23,39.49,40.39,38.8,39.82,1944800.0,76560000.0,39.25,400,39.24,100,39.23,100,39.22,100,39.21,600,39.27,1600,39.28,4900,39.3,200,39.31,300,39.32,2000,HOLD
1782266289715,09:58:06,39.25,39.49,40.39,38.8,39.82,1945700.0,76600000.0,39.22,100,39.21,500,39.2,100,39.19,1100,39.18,1400,39.25,400,39.27,1500,39.28,4900,39.3,200,39.31,300,HOLD
1782266292718,09:58:09,39.23,39.49,40.39,38.8,39.82,1945900.0,76610000.0,39.19,1000,39.18,1400,39.17,1500,39.16,300,39.15,5800,39.23,1700,39.24,2100,39.25,500,39.27,1200,39.28,4900,HOLD
1782266295718,09:58:12,39.23,39.49,40.39,38.8,39.82,1946700.0,76640000.0,39.19,1000,39.18,1400,39.17,1500,39.16,300,39.15,5700,39.23,1100,39.24,2100,39.25,500,39.27,1200,39.28,4900,HOLD
1782266298720,09:58:15,39.22,39.49,40.39,38.8,39.82,1946800.0,76640000.0,39.2,100,39.19,1100,39.18,1400,39.17,1500,39.16,300,39.22,900,39.23,1100,39.24,2100,39.25,500,39.27,1200,HOLD
1782266301720,09:58:18,39.22,39.49,40.39,38.8,39.82,1946800.0,76640000.0,39.2,300,39.19,1000,39.18,1400,39.17,1500,39.16,300,39.22,1000,39.23,1100,39.24,2100,39.25,500,39.27,1200,HOLD
1782266304722,09:58:21,39.22,39.49,40.39,38.8,39.82,1947000.0,76650000.0,39.2,100,39.19,1000,39.18,1400,39.17,1500,39.16,300,39.22,1100,39.23,1100,39.24,2100,39.25,500,39.27,1200,HOLD
1782266307723,09:58:24,39.23,39.49,40.39,38.8,39.82,1949300.0,76740000.0,39.22,3800,39.2,100,39.19,1000,39.18,1400,39.17,1500,39.25,500,39.27,1200,39.28,4900,39.3,200,39.32,2000,HOLD
1782266310724,09:58:27,39.2,39.49,40.39,38.8,39.82,1955100.0,76970000.0,39.19,800,39.18,1400,39.17,1500,39.16,300,39.15,5700,39.2,4100,39.25,500,39.27,1200,39.28,4900,39.3,200,HOLD
1782266313726,09:58:30,39.2,39.49,40.39,38.8,39.82,1958500.0,77100000.0,39.19,500,39.18,1400,39.17,1500,39.16,300,39.15,5700,39.2,1000,39.25,500,39.27,1200,39.28,4900,39.3,200,HOLD
1782266316726,09:58:33,39.2,39.49,40.39,38.8,39.82,1959100.0,77120000.0,39.19,500,39.18,1500,39.17,1500,39.16,300,39.15,5700,39.2,400,39.22,200,39.25,500,39.27,1200,39.28,4900,HOLD
1782266319726,09:58:36,39.22,39.49,40.39,38.8,39.82,1959700.0,77150000.0,39.2,400,39.19,500,39.18,1500,39.17,1500,39.16,300,39.25,500,39.27,1200,39.28,4900,39.3,200,39.32,2000,HOLD
1782266322728,09:58:39,39.22,39.49,40.39,38.8,39.82,1959700.0,77150000.0,39.2,1000,39.19,1500,39.18,1500,39.17,1500,39.16,300,39.24,500,39.25,500,39.27,1200,39.28,5100,39.3,200,HOLD
1782266325730,09:58:42,39.22,39.49,40.39,38.8,39.82,1959700.0,77150000.0,39.22,200,39.2,1000,39.19,1800,39.18,1700,39.17,1500,39.24,500,39.25,500,39.27,1200,39.28,5100,39.3,200,HOLD
1782266328730,09:58:45,39.22,39.49,40.39,38.8,39.82,1960700.0,77190000.0,39.22,300,39.2,700,39.19,1800,39.18,1200,39.17,1500,39.24,3700,39.25,2200,39.27,1200,39.28,5100,39.3,200,HOLD
1782266331737,09:58:48,39.27,39.49,40.39,38.8,39.82,1967200.0,77440000.0,39.25,3000,39.24,3400,39.23,1000,39.22,300,39.2,800,39.27,600,39.28,5100,39.3,200,39.32,2000,39.33,100,HOLD
1782266334733,09:58:51,39.28,39.49,40.39,38.8,39.82,1972900.0,77670000.0,39.29,200,39.28,100,39.27,700,39.26,100,39.25,3600,39.32,2000,39.33,100,39.35,300,39.38,200,39.39,400,HOLD
1782266337735,09:58:54,39.3,39.49,40.39,38.8,39.82,1973500.0,77690000.0,39.29,2000,39.28,100,39.27,700,39.26,100,39.25,2700,39.32,2000,39.33,100,39.35,300,39.38,200,39.39,400,HOLD
1782266340736,09:58:57,39.29,39.49,40.39,38.8,39.82,1976100.0,77790000.0,39.28,200,39.27,400,39.26,100,39.25,2700,39.24,2500,39.29,400,39.32,2900,39.33,300,39.35,300,39.38,200,HOLD
1782266343737,09:59:00,39.28,39.49,40.39,38.8,39.82,1977600.0,77850000.0,39.27,300,39.26,100,39.25,2500,39.24,2500,39.23,1000,39.28,800,39.29,300,39.32,2900,39.33,300,39.35,300,HOLD
1782266346737,09:59:03,39.29,39.49,40.39,38.8,39.82,1979400.0,77920000.0,39.26,100,39.25,2500,39.24,2500,39.23,1000,39.2,2300,39.3,2800,39.32,2900,39.33,300,39.35,300,39.38,200,HOLD
1782266349739,09:59:06,39.26,39.49,40.39,38.8,39.82,1980000.0,77950000.0,39.25,3300,39.24,2500,39.23,1000,39.2,2300,39.19,1000,39.3,2800,39.32,2900,39.33,300,39.35,300,39.38,200,HOLD
1782266352740,09:59:09,39.26,39.49,40.39,38.8,39.82,1980000.0,77950000.0,39.27,100,39.26,900,39.25,3600,39.24,2500,39.23,1000,39.29,200,39.3,2800,39.32,2900,39.33,300,39.35,300,HOLD
1782266355741,09:59:12,39.29,39.49,40.39,38.8,39.82,1980100.0,77950000.0,39.27,100,39.26,900,39.25,3600,39.24,2500,39.23,1000,39.29,100,39.3,2800,39.32,2900,39.33,300,39.35,300,HOLD
1782266358741,09:59:15,39.27,39.49,40.39,38.8,39.82,1980400.0,77960000.0,39.26,900,39.25,3600,39.24,2500,39.23,1200,39.2,2300,39.27,6800,39.29,1700,39.3,2800,39.32,3900,39.33,300,HOLD
1782266361744,09:59:18,39.27,39.49,40.39,38.8,39.82,1983100.0,78070000.0,39.25,3100,39.24,2400,39.23,1200,39.2,2800,39.19,1000,39.27,6300,39.3,2800,39.32,3900,39.33,300,39.35,300,HOLD
1782266364744,09:59:21,39.27,39.49,40.39,38.8,39.82,1989400.0,78310000.0,39.27,1200,39.26,200,39.25,3200,39.24,2400,39.23,1200,39.31,900,39.32,3000,39.33,300,39.35,300,39.38,200,HOLD
1782266367745,09:59:24,39.31,39.49,40.39,38.8,39.82,1990300.0,78350000.0,39.27,400,39.26,200,39.25,3200,39.24,2400,39.23,1200,39.31,700,39.32,3000,39.33,100,39.35,300,39.38,200,HOLD
1782266370748,09:59:27,39.27,39.49,40.39,38.8,39.82,1995300.0,78550000.0,39.26,200,39.25,3200,39.24,2400,39.23,1200,39.2,2800,39.27,100,39.31,400,39.32,3000,39.33,100,39.35,300,HOLD
1782266373746,09:59:30,39.27,39.49,40.39,38.8,39.82,1995400.0,78550000.0,39.26,400,39.25,3200,39.24,2400,39.23,1200,39.2,2800,39.31,600,39.32,3000,39.33,100,39.35,300,39.38,200,HOLD
1782266376747,09:59:33,39.28,39.49,40.39,38.8,39.82,1996200.0,78580000.0,39.28,200,39.27,1400,39.26,500,39.25,3200,39.24,2400,39.31,400,39.32,3000,39.33,100,39.35,300,39.38,200,HOLD
1782266379749,09:59:36,39.28,39.49,40.39,38.8,39.82,1996400.0,78590000.0,39.28,900,39.27,1100,39.26,500,39.25,3200,39.24,2400,39.31,400,39.32,3000,39.33,100,39.35,300,39.38,200,HOLD
1782266382750,09:59:39,39.31,39.49,40.39,38.8,39.82,1996500.0,78590000.0,39.29,400,39.28,1000,39.27,1100,39.26,500,39.25,3300,39.31,300,39.32,3000,39.33,100,39.35,300,39.38,200,HOLD
1782266385751,09:59:42,39.29,39.49,40.39,38.8,39.82,1997000.0,78610000.0,39.28,900,39.27,1100,39.26,400,39.25,3300,39.24,2400,39.3,600,39.31,300,39.32,3000,39.33,100,39.35,300,HOLD
1782266388752,09:59:45,39.29,39.49,40.39,38.8,39.82,1997000.0,78610000.0,39.29,100,39.28,200,39.27,1100,39.26,400,39.25,3300,39.3,600,39.31,300,39.32,3000,39.33,100,39.35,300,HOLD
