local_time_ms,server_time,price,open,high,low,prev_close,cum_volume,cum_amount,bp1,bv1,bp2,bv2,bp3,bv3,bp4,bv4,bp5,bv5,sp1,sv1,sp2,sv2,sp3,sv3,sp4,sv4,sp5,sv5,signal
1781573100005,09:24:57,41.63,0.0,0.0,0.0,41.63,0.0,0.0,41.63,20500.0,0.0,0.0,0.0,0.0,0.0,0.0,0.0,0.0,41.63,20500.0,0.0,5200.0,0.0,0.0,0.0,0.0,0.0,0.0,HOLD
1781573103006,09:25:00,41.63,41.63,41.63,41.63,41.63,29000.0,1207270.0,41.63,4500.0,41.62,300.0,41.2,400.0,41.03,2000.0,41.01,500.0,41.71,1000.0,41.800000000000004,100.0,41.95,3100.0,42.0,600.0,42.01,100.0,HOLD
1781573181027,09:26:18,41.63,41.63,41.63,41.63,41.63,29000.0,1210000.0,41.63,4500,41.62,300,41.2,400,41.03,2000,41.01,500,41.71,1000,41.8,100,41.95,3100,42.0,600,42.01,100,HOLD
1781573241044,09:27:18,41.63,41.63,41.63,41.63,41.63,29000.0,1210000.0,41.63,4500,41.62,300,41.2,400,41.03,2000,41.01,500,41.71,1000,41.8,100,41.95,3100,42.0,600,42.01,100,HOLD
1781573304064,09:28:18,41.63,41.63,41.63,41.63,41.63,29000.0,1210000.0,41.63,4500,41.62,300,41.2,400,41.03,2000,41.01,500,41.71,1000,41.8,100,41.95,3100,42.0,600,42.01,100,HOLD
1781573361068,09:29:18,41.63,41.63,41.63,41.63,41.63,29000.0,1210000.0,41.63,4500,41.62,300,41.2,400,41.03,2000,41.01,500,41.71,1000,41.8,100,41.95,3100,42.0,600,42.01,100,HOLD
1781573406083,09:30:03,41.61,41.63,41.71,41.4,41.63,72700.0,3030000.0,41.6,100,41.38,100,41.21,1500,41.2,300,41.05,100,41.61,500,41.62,100,41.63,1600,41.7,3200,41.71,1800,HOLD
1781573409081,09:30:06,41.55,41.63,41.71,41.38,41.63,93100.0,3880000.0,41.21,1500,41.2,300,41.05,100,41.03,4500,41.01,7000,41.55,100,41.56,100,41.57,100,41.58,300,41.59,900,HOLD
1781573412082,09:30:09,41.21,41.63,41.71,41.21,41.63,96600.0,4020000.0,41.2,300,41.05,100,41.03,4500,41.01,7000,41.0,4200,41.38,300,41.53,300,41.55,4500,41.56,100,41.57,100,HOLD
1781573415083,09:30:12,41.19,41.63,41.71,41.12,41.63,98000.0,4080000.0,41.05,100,41.04,100,41.03,4500,41.01,7000,41.0,4200,41.19,500,41.2,700,41.21,3300,41.37,3100,41.38,1800,HOLD
1781573418084,09:30:15,41.05,41.63,41.71,41.03,41.63,99100.0,4120000.0,41.03,4400,41.01,7000,41.0,4200,40.98,700,40.92,300,41.05,100,41.18,500,41.19,500,41.2,1900,41.21,3600,HOLD
1781573421088,09:30:18,41.03,41.63,41.71,41.03,41.63,109100.0,4530000.0,41.03,3400,41.01,7000,41.0,4000,40.98,700,40.92,300,41.05,100,41.15,100,41.2,400,41.21,1600,41.37,1400,HOLD
1781573424088,09:30:21,41.15,41.63,41.71,41.03,41.63,120400.0,5000000.0,41.16,1100,41.15,4000,41.11,6600,41.1,2700,41.09,3100,41.2,300,41.21,1300,41.27,100,41.37,100,41.38,1600,HOLD
1781573427088,09:30:24,41.27,41.63,41.71,41.03,41.63,127400.0,5290000.0,41.27,2900,41.26,6600,41.24,4100,41.22,100,41.21,1200,41.37,1000,41.49,2300,41.5,100,41.53,300,41.55,1100,HOLD
1781573430091,09:30:27,41.24,41.63,41.71,41.03,41.63,139500.0,5790000.0,41.24,600,41.21,900,41.2,5700,41.19,300,41.1,3700,41.26,2100,41.27,200,41.28,200,41.49,2300,41.5,100,HOLD
1781573433112,09:30:30,41.3,41.63,41.71,41.03,41.63,145600.0,6040000.0,41.3,8100,41.28,1700,41.27,500,41.26,100,41.21,500,41.48,200,41.5,100,41.53,300,41.55,900,41.57,100,HOLD
1781573436095,09:30:33,41.47,41.63,41.71,41.03,41.63,155800.0,6460000.0,41.28,2300,41.27,500,41.26,1900,41.21,500,41.2,1400,41.47,200,41.48,7100,41.53,300,41.55,900,41.57,100,HOLD
1781573439095,09:30:36,41.3,41.63,41.71,41.03,41.63,158600.0,6580000.0,41.29,200,41.28,600,41.27,100,41.26,1900,41.24,200,41.3,400,41.44,300,41.46,3700,41.47,4500,41.48,8400,HOLD
1781573442096,09:30:39,41.19,41.63,41.71,41.03,41.63,166000.0,6880000.0,41.1,2700,41.05,4400,41.03,3900,41.01,7000,41.0,7600,41.25,1500,41.28,600,41.29,7900,41.3,2900,41.44,300,HOLD
1781573445097,09:30:42,41.1,41.63,41.71,41.03,41.63,170100.0,7050000.0,41.05,4400,41.03,3800,41.01,7000,41.0,7600,40.98,800,41.06,5400,41.1,2800,41.19,200,41.21,2000,41.25,4400,HOLD
1781573448099,09:30:45,41.09,41.63,41.71,41.03,41.63,183100.0,7590000.0,41.09,5200,41.06,1600,41.03,3500,41.01,7000,41.0,9300,41.1,2600,41.19,100,41.21,2000,41.25,3100,41.28,300,HOLD
1781573451100,09:30:48,41.16,41.63,41.71,41.03,41.63,195300.0,8090000.0,41.16,700,41.1,6000,41.09,5200,41.08,300,41.06,1800,41.25,1200,41.28,300,41.29,300,41.3,2700,41.43,500,HOLD
1781573457100,09:30:54,41.3,41.63,41.71,41.03,41.63,209800.0,8690000.0,41.28,1100,41.26,7000,41.25,2800,41.19,100,41.11,500,41.3,2500,41.46,700,41.47,2000,41.48,500,41.53,300,HOLD
1781573460101,09:30:57,41.26,41.63,41.71,41.03,41.63,216700.0,8970000.0,41.26,7100,41.25,2800,41.19,100,41.12,1400,41.11,500,41.28,200,41.3,200,41.46,700,41.47,2000,41.48,500,HOLD
1781573463102,09:31:00,41.28,41.63,41.71,41.03,41.63,220200.0,9120000.0,41.28,400,41.26,7700,41.25,4600,41.2,1000,41.19,100,41.38,500,41.46,700,41.47,2000,41.48,500,41.53,300,HOLD
1781573466108,09:31:03,41.38,41.63,41.71,41.03,41.63,222700.0,9220000.0,41.38,100,41.37,200,41.3,300,41.29,800,41.28,2800,41.45,600,41.46,400,41.47,4100,41.48,500,41.53,300,HOLD
1781573469106,09:31:06,41.32,41.63,41.71,41.03,41.63,227600.0,9420000.0,41.28,3400,41.26,7100,41.25,2600,41.2,1000,41.12,1900,41.44,2300,41.45,1200,41.46,400,41.47,4100,41.48,500,HOLD
1781573472106,09:31:09,41.38,41.63,41.71,41.03,41.63,234600.0,9710000.0,41.29,800,41.28,100,41.26,5200,41.25,2600,41.2,1100,41.38,2400,41.43,2700,41.44,1100,41.45,600,41.47,4100,HOLD
1781573478108,09:31:15,41.28,41.63,41.71,41.03,41.63,244100.0,10100000.0,41.26,500,41.25,2500,41.24,500,41.2,1100,41.13,1500,41.28,200,41.29,900,41.32,200,41.36,300,41.37,2400,HOLD
1781573481113,09:31:18,41.37,41.63,41.71,41.03,41.63,256000.0,10590000.0,41.37,2800,41.32,100,41.26,300,41.24,500,41.2,1100,41.38,6300,41.43,300,41.44,100,41.45,500,41.47,4100,HOLD
1781573484112,09:31:21,41.37,41.63,41.71,41.03,41.63,266500.0,11030000.0,41.29,200,41.28,300,41.26,1000,41.25,5000,41.24,600,41.34,100,41.35,600,41.37,5900,41.38,6300,41.43,300,HOLD
1781573487112,09:31:24,41.35,41.63,41.71,41.03,41.63,269000.0,11130000.0,41.35,600,41.34,100,41.3,1600,41.29,1400,41.28,1000,41.37,2400,41.38,6300,41.4,1000,41.43,300,41.44,100,HOLD
1781573490113,09:31:27,41.59,41.63,41.71,41.03,41.63,283000.0,11710000.0,41.47,200,41.45,1000,41.43,500,41.42,700,41.4,14700,41.59,800,41.6,400,41.7,100,41.8,800,41.87,100,HOLD
1781573496116,09:31:33,41.48,41.63,41.71,41.03,41.63,285500.0,11820000.0,41.48,1000,41.47,700,41.46,200,41.43,300,41.42,200,41.56,800,41.57,800,41.58,100,41.59,1100,41.6,400,HOLD
1781573499116,09:31:36,41.48,41.63,41.71,41.03,41.63,287000.0,11880000.0,41.48,1500,41.47,800,41.46,200,41.43,300,41.42,200,41.56,2500,41.57,800,41.58,100,41.59,1100,41.6,400,HOLD
1781573502117,09:31:39,41.55,41.63,41.71,41.03,41.63,289200.0,11970000.0,41.47,800,41.46,200,41.43,800,41.42,200,41.38,800,41.55,400,41.56,2700,41.57,800,41.58,100,41.59,1100,HOLD
1781573505119,09:31:42,41.48,41.63,41.71,41.03,41.63,295000.0,12210000.0,41.47,800,41.46,200,41.43,800,41.42,200,41.38,700,41.48,1700,41.54,100,41.55,400,41.56,2700,41.57,800,HOLD
1781573508118,09:31:45,41.47,41.63,41.71,41.03,41.63,297500.0,12310000.0,41.47,900,41.46,200,41.43,500,41.42,200,41.38,700,41.49,300,41.54,900,41.55,400,41.56,2700,41.57,800,HOLD
1781573511120,09:31:48,41.53,41.63,41.71,41.03,41.63,298200.0,12340000.0,41.48,200,41.47,900,41.46,200,41.43,500,41.42,200,41.53,700,41.54,700,41.55,400,41.56,2700,41.57,800,HOLD
1781573514121,09:31:51,41.56,41.63,41.71,41.03,41.63,308100.0,12750000.0,41.56,1800,41.48,4800,41.47,1700,41.43,500,41.42,200,41.57,800,41.58,100,41.59,800,41.6,600,41.64,100,HOLD
1781573517122,09:31:54,41.53,41.63,41.71,41.03,41.63,313400.0,12970000.0,41.55,500,41.53,400,41.48,3300,41.47,1700,41.43,500,41.56,100,41.57,800,41.58,100,41.59,800,41.6,600,HOLD
1781573523124,09:32:00,41.53,41.63,41.71,41.03,41.63,324300.0,13430000.0,41.47,100,41.43,700,41.42,500,41.4,1100,41.38,1000,41.55,2400,41.56,2000,41.57,700,41.58,100,41.59,800,HOLD
1781573526131,09:32:03,41.64,41.63,41.71,41.03,41.63,343700.0,14230000.0,41.64,100,41.63,600,41.59,3800,41.57,300,41.55,900,41.7,100,41.79,100,41.8,800,41.87,100,41.88,200,HOLD
1781573529127,09:32:06,41.67,41.63,41.71,41.03,41.63,344600.0,14270000.0,41.67,100,41.65,200,41.64,100,41.6,700,41.57,300,41.7,200,41.74,100,41.79,100,41.8,800,41.87,100,HOLD
1781573535130,09:32:12,41.67,41.63,41.74,41.03,41.63,349000.0,14450000.0,41.62,300,41.57,100,41.56,400,41.53,100,41.48,700,41.67,4600,41.7,100,41.74,4200,41.79,100,41.8,800,HOLD
1781573538133,09:32:15,41.66,41.63,41.74,41.03,41.63,352400.0,14590000.0,41.63,100,41.56,400,41.53,100,41.48,700,41.44,400,41.66,1600,41.67,2600,41.7,100,41.74,4200,41.79,100,HOLD
1781573541132,09:32:18,41.63,41.63,41.74,41.03,41.63,354100.0,14670000.0,41.56,1100,41.53,2000,41.48,700,41.44,400,41.43,400,41.63,800,41.65,100,41.66,1200,41.67,7600,41.7,100,HOLD
1781573544133,09:32:21,41.6,41.63,41.74,41.03,41.63,359700.0,14900000.0,41.57,100,41.56,1100,41.53,2000,41.5,500,41.48,700,41.6,8400,41.63,400,41.66,4500,41.67,7600,41.7,100,HOLD
1781573550135,09:32:27,41.63,41.63,41.74,41.03,41.63,370100.0,15330000.0,41.64,100,41.63,1000,41.6,2200,41.59,100,41.57,600,41.67,2600,41.7,100,41.71,300,41.74,4200,41.79,100,HOLD
1781573553135,09:32:30,41.67,41.63,41.74,41.03,41.63,373600.0,15480000.0,41.67,600,41.64,1700,41.6,8000,41.59,100,41.57,600,41.7,200,41.74,4400,41.79,100,41.8,700,41.87,100,HOLD
1781573556137,09:32:33,41.7,41.63,41.74,41.03,41.63,374800.0,15530000.0,41.68,100,41.67,600,41.64,1900,41.6,8800,41.59,100,41.7,600,41.74,4400,41.79,100,41.8,700,41.87,100,HOLD
1781573559138,09:32:36,41.7,41.63,41.74,41.03,41.63,383800.0,15900000.0,41.7,200,41.67,100,41.66,5000,41.63,1700,41.6,5000,41.74,1300,41.8,700,41.87,100,41.88,200,41.89,200,HOLD
1781573562137,09:32:39,41.74,41.63,41.8,41.03,41.63,388900.0,16110000.0,41.74,2600,41.7,700,41.67,300,41.66,5000,41.6,5000,41.8,1900,41.85,1300,41.86,1400,41.87,100,41.88,200,HOLD
1781573565140,09:32:42,41.74,41.63,41.8,41.03,41.63,389300.0,16130000.0,41.75,100,41.74,3700,41.7,1200,41.67,300,41.66,5000,41.78,500,41.79,1700,41.8,2100,41.85,1100,41.86,1000,HOLD
1781573568140,09:32:45,41.73,41.63,41.8,41.03,41.63,394600.0,16350000.0,41.7,1700,41.68,1000,41.67,300,41.66,5000,41.6,4300,41.74,700,41.75,3900,41.76,1000,41.77,200,41.79,1700,HOLD
1781573571142,09:32:48,41.73,41.63,41.8,41.03,41.63,395300.0,16380000.0,41.7,2100,41.68,1000,41.67,300,41.66,5000,41.6,4600,41.73,700,41.74,1200,41.75,3900,41.76,1000,41.77,400,HOLD
1781573574143,09:32:51,41.66,41.63,41.8,41.03,41.63,403300.0,16720000.0,41.66,1500,41.61,1400,41.6,4600,41.56,200,41.53,2000,41.67,300,41.69,200,41.7,11200,41.71,2100,41.72,700,HOLD
1781573577144,09:32:54,41.68,41.63,41.8,41.03,41.63,409200.0,16960000.0,41.61,1100,41.6,4600,41.56,200,41.55,300,41.53,2000,41.68,900,41.69,200,41.7,11400,41.71,2200,41.72,700,HOLD
1781573580146,09:32:57,41.71,41.63,41.8,41.03,41.63,426500.0,17680000.0,41.68,200,41.64,100,41.61,1200,41.6,4600,41.56,600,41.71,200,41.73,5600,41.74,2000,41.75,3300,41.76,1700,HOLD
1781573583146,09:33:00,41.61,41.63,41.8,41.03,41.63,433000.0,17950000.0,41.56,600,41.55,300,41.53,2000,41.5,400,41.45,200,41.58,600,41.6,600,41.64,1100,41.65,200,41.66,700,HOLD
1781573586151,09:33:03,41.64,41.63,41.8,41.03,41.63,439200.0,18210000.0,41.61,3600,41.56,500,41.55,300,41.53,2000,41.5,400,41.64,1000,41.65,200,41.66,700,41.68,17700,41.69,500,HOLD
1781573592149,09:33:09,41.62,41.63,41.8,41.03,41.63,441900.0,18320000.0,41.58,500,41.57,600,41.56,900,41.55,600,41.53,2000,41.62,100,41.63,1100,41.64,1800,41.65,400,41.66,700,HOLD
1781573595150,09:33:12,41.58,41.63,41.8,41.03,41.63,448200.0,18590000.0,41.56,100,41.55,600,41.53,2000,41.5,400,41.45,200,41.57,100,41.58,100,41.61,600,41.62,100,41.64,3000,HOLD
1781573598152,09:33:15,41.56,41.63,41.8,41.03,41.63,450700.0,18690000.0,41.55,500,41.53,2000,41.5,900,41.45,200,41.44,400,41.56,1600,41.61,400,41.62,100,41.64,2900,41.65,400,HOLD
1781573601152,09:33:18,41.5,41.63,41.8,41.03,41.63,454600.0,18850000.0,41.45,200,41.42,300,41.4,2700,41.38,1000,41.37,1000,41.5,500,41.51,700,41.53,400,41.55,4000,41.56,1300,HOLD
1781573604155,09:33:21,41.5,41.63,41.8,41.03,41.63,462500.0,19180000.0,41.48,1100,41.45,800,41.43,1000,41.42,300,41.4,2700,41.5,800,41.51,100,41.53,600,41.55,5000,41.56,800,HOLD
1781573607156,09:33:24,41.5,41.63,41.8,41.03,41.63,463900.0,19240000.0,41.43,1000,41.42,300,41.4,2700,41.38,1000,41.37,1000,41.5,700,41.51,100,41.53,200,41.55,5000,41.56,700,HOLD
1781573610159,09:33:27,41.43,41.63,41.8,41.03,41.63,466500.0,19340000.0,41.47,600,41.43,500,41.42,300,41.4,2700,41.38,1000,41.48,400,41.5,3900,41.51,100,41.53,200,41.55,5000,HOLD
1781573613159,09:33:30,41.43,41.63,41.8,41.03,41.63,467200.0,19370000.0,41.43,500,41.42,300,41.4,2700,41.38,1000,41.37,1000,41.47,5000,41.48,500,41.5,3900,41.51,100,41.53,200,HOLD
1781573616160,09:33:33,41.42,41.63,41.8,41.03,41.63,467800.0,19400000.0,41.42,300,41.4,1200,41.38,1000,41.37,1000,41.35,200,41.43,300,41.47,5000,41.48,100,41.49,100,41.5,1000,HOLD
1781573622161,09:33:39,41.38,41.63,41.8,41.03,41.63,480000.0,19900000.0,41.28,800,41.27,300,41.23,300,41.2,1500,41.13,1800,41.36,3900,41.37,4100,41.38,900,41.4,4300,41.41,1400,HOLD
1781573625161,09:33:42,41.28,41.63,41.8,41.03,41.63,480700.0,19930000.0,41.28,400,41.27,300,41.23,300,41.2,1500,41.13,1800,41.35,1200,41.36,4700,41.37,1400,41.38,900,41.4,4900,HOLD
1781573628162,09:33:45,41.28,41.63,41.8,41.03,41.63,482400.0,20000000.0,41.27,300,41.23,300,41.2,1500,41.13,1800,41.12,1900,41.28,1200,41.34,1600,41.35,1200,41.36,2000,41.37,1400,HOLD
1781573631164,09:33:48,41.28,41.63,41.8,41.03,41.63,484000.0,20070000.0,41.29,500,41.28,2200,41.27,2300,41.23,300,41.2,1200,41.34,900,41.35,1400,41.36,2000,41.37,1400,41.38,900,HOLD
1781573637166,09:33:54,41.33,41.63,41.8,41.03,41.63,490500.0,20340000.0,41.28,1600,41.21,100,41.2,4100,41.15,300,41.13,1800,41.33,1100,41.34,900,41.35,1000,41.36,2000,41.37,400,HOLD
1781573643168,09:33:57,41.33,41.63,41.8,41.03,41.63,494000.0,20480000.0,41.28,100,41.2,4100,41.15,300,41.13,1800,41.12,2000,41.33,100,41.34,900,41.35,1000,41.36,2000,41.37,400,HOLD
1781573646157,09:34:03,41.24,41.63,41.8,41.03,41.63,498500.0,20670000.0,41.23,200,41.22,1100,41.21,100,41.2,4100,41.15,300,41.28,300,41.29,100,41.3,2300,41.33,1400,41.34,900,HOLD
1781573649155,09:34:06,41.23,41.63,41.8,41.03,41.63,502400.0,20830000.0,41.22,300,41.21,100,41.2,4100,41.15,300,41.13,1800,41.23,300,41.28,300,41.29,100,41.3,2300,41.33,1400,HOLD
1781573652156,09:34:09,41.23,41.63,41.8,41.03,41.63,504000.0,20890000.0,41.24,100,41.22,300,41.21,100,41.2,4100,41.15,300,41.27,400,41.29,100,41.3,1300,41.33,1400,41.34,900,HOLD
1781573655156,09:34:12,41.27,41.63,41.8,41.03,41.63,508600.0,21080000.0,41.27,300,41.21,300,41.2,7800,41.15,300,41.13,1800,41.3,1300,41.33,1400,41.34,900,41.35,800,41.36,2000,HOLD
1781573661159,09:34:15,41.2,41.63,41.8,41.03,41.63,520300.0,21570000.0,41.16,100,41.15,300,41.13,1800,41.12,2000,41.1,1300,41.2,100,41.21,400,41.22,600,41.23,2600,41.24,5500,HOLD
1781573664159,09:34:21,41.16,41.63,41.8,41.03,41.63,531400.0,22020000.0,41.16,3400,41.13,100,41.12,2000,41.1,1300,41.08,3700,41.21,4100,41.22,6500,41.23,2600,41.24,5800,41.27,4100,HOLD
1781573670162,09:34:24,41.16,41.63,41.8,41.03,41.63,535200.0,22180000.0,41.16,2600,41.13,100,41.12,2000,41.1,2300,41.08,1700,41.2,2500,41.21,3600,41.22,4100,41.23,2600,41.24,6700,HOLD
1781573673164,09:34:30,41.16,41.63,41.8,41.03,41.63,541200.0,22430000.0,41.13,200,41.12,2000,41.1,4700,41.08,700,41.07,4400,41.16,13000,41.18,4000,41.19,100,41.2,3100,41.22,2000,HOLD
1781573676165,09:34:33,41.13,41.63,41.8,41.03,41.63,542300.0,22470000.0,41.12,2000,41.1,4700,41.08,700,41.07,4400,41.06,2700,41.16,13200,41.18,6500,41.19,1700,41.2,3100,41.22,2000,HOLD
1781573679151,09:34:36,41.12,41.63,41.8,41.03,41.63,544300.0,22550000.0,41.1,4700,41.08,700,41.07,4400,41.06,2700,41.05,2400,41.12,2600,41.13,200,41.16,13300,41.18,2500,41.19,1700,HOLD
1781573682153,09:34:39,41.13,41.63,41.8,41.03,41.63,550700.0,22820000.0,41.11,200,41.1,2900,41.08,700,41.07,4400,41.06,2700,41.13,100,41.16,13300,41.18,2600,41.19,1700,41.2,4000,HOLD
1781573685152,09:34:42,41.12,41.63,41.8,41.03,41.63,551100.0,22830000.0,41.12,200,41.11,100,41.1,3000,41.08,1200,41.07,4400,41.13,600,41.16,13300,41.18,600,41.19,1700,41.2,3900,HOLD
1781573688154,09:34:45,41.16,41.63,41.8,41.03,41.63,552800.0,22900000.0,41.14,100,41.13,500,41.12,200,41.11,1700,41.1,3000,41.16,13200,41.18,200,41.19,1700,41.2,3300,41.22,400,HOLD
1781573694155,09:34:51,41.16,41.63,41.8,41.03,41.63,560600.0,23220000.0,41.13,7100,41.1,2800,41.08,1600,41.07,4400,41.06,2800,41.16,10600,41.18,200,41.19,1700,41.2,3300,41.22,400,HOLD
1781573697156,09:34:54,41.22,41.63,41.8,41.03,41.63,574700.0,23800000.0,41.21,200,41.18,100,41.16,4300,41.13,7500,41.12,900,41.22,200,41.23,2600,41.28,800,41.33,500,41.36,200,HOLD
1781573700157,09:34:57,41.28,41.63,41.8,41.03,41.63,578400.0,23960000.0,41.23,500,41.22,300,41.16,4000,41.13,7500,41.12,900,41.33,1200,41.36,200,41.37,200,41.42,200,41.47,100,HOLD
1781573703157,09:35:00,41.23,41.63,41.8,41.03,41.63,582900.0,24140000.0,41.23,3900,41.2,200,41.18,300,41.17,200,41.16,1600,41.31,300,41.32,700,41.33,1600,41.36,200,41.37,200,HOLD
1781573706161,09:35:03,41.31,41.63,41.8,41.03,41.63,585500.0,24250000.0,41.24,1100,41.23,100,41.17,200,41.16,1600,41.13,7500,41.31,200,41.32,800,41.33,1600,41.36,200,41.37,200,HOLD
1781573709159,09:35:06,41.31,41.63,41.8,41.03,41.63,586700.0,24300000.0,41.25,100,41.24,1100,41.23,100,41.22,300,41.17,200,41.31,100,41.32,800,41.33,1600,41.36,200,41.37,200,HOLD
1781573712159,09:35:09,41.31,41.63,41.8,41.03,41.63,586800.0,24300000.0,41.25,100,41.24,1100,41.23,100,41.22,300,41.17,200,41.31,800,41.32,800,41.33,1600,41.36,200,41.37,200,HOLD
1781573715160,09:35:12,41.31,41.63,41.8,41.03,41.63,589900.0,24430000.0,41.24,5500,41.23,300,41.22,300,41.2,100,41.17,200,41.31,2600,41.32,3500,41.33,1600,41.36,200,41.37,200,HOLD
1781573718163,09:35:15,41.23,41.63,41.8,41.03,41.63,596100.0,24690000.0,41.22,300,41.21,1200,41.2,100,41.17,100,41.16,1200,41.24,600,41.26,700,41.3,1900,41.31,3700,41.32,4400,HOLD
1781573721161,09:35:18,41.24,41.63,41.8,41.03,41.63,600700.0,24880000.0,41.22,100,41.21,1200,41.2,200,41.17,100,41.16,1200,41.24,1700,41.3,1800,41.31,3200,41.32,4400,41.33,1600,HOLD
1781573724163,09:35:21,41.23,41.63,41.8,41.03,41.63,602100.0,24930000.0,41.21,1200,41.2,200,41.17,100,41.16,1200,41.14,100,41.23,400,41.24,1100,41.3,1800,41.31,3200,41.32,4400,HOLD
1781573727164,09:35:24,41.24,41.63,41.8,41.03,41.63,611800.0,25330000.0,41.24,400,41.23,100,41.21,1200,41.2,200,41.18,1100,41.28,100,41.29,2100,41.3,3000,41.31,3200,41.32,4400,HOLD
1781573730165,09:35:27,41.24,41.63,41.8,41.03,41.63,611800.0,25330000.0,41.24,400,41.23,300,41.21,1200,41.2,1600,41.18,1100,41.25,200,41.28,100,41.29,2100,41.3,3400,41.31,2100,HOLD
1781573733184,09:35:30,41.25,41.63,41.8,41.03,41.63,612800.0,25380000.0,41.24,900,41.23,300,41.22,300,41.21,1200,41.2,1600,41.28,2800,41.29,2100,41.3,3400,41.31,2100,41.32,1000,HOLD
1781573736168,09:35:33,41.21,41.63,41.8,41.03,41.63,615800.0,25500000.0,41.2,2100,41.18,1100,41.17,100,41.16,5300,41.14,200,41.22,8900,41.25,2000,41.26,300,41.28,2000,41.29,2100,HOLD
1781573739170,09:35:36,41.21,41.63,41.8,41.03,41.63,616600.0,25530000.0,41.21,100,41.2,1800,41.18,1100,41.17,100,41.16,5400,41.22,8800,41.24,100,41.25,2000,41.28,8300,41.29,2100,HOLD
1781573742170,09:35:39,41.2,41.63,41.8,41.03,41.63,617300.0,25560000.0,41.2,1200,41.18,1300,41.17,100,41.16,5400,41.14,200,41.21,400,41.22,8900,41.24,1400,41.25,2000,41.28,8800,HOLD
1781573745171,09:35:42,41.18,41.63,41.8,41.03,41.63,619500.0,25650000.0,41.18,1100,41.17,100,41.16,5400,41.14,200,41.13,800,41.19,200,41.2,17100,41.21,2500,41.22,8800,41.24,1400,HOLD
1781573748171,09:35:45,41.18,41.63,41.8,41.03,41.63,619600.0,25660000.0,41.18,1000,41.17,100,41.16,5400,41.14,200,41.13,800,41.2,17500,41.21,2600,41.22,8800,41.24,1400,41.25,1900,HOLD
1781573751173,09:35:48,41.18,41.63,41.8,41.03,41.63,620200.0,25680000.0,41.19,200,41.18,400,41.17,100,41.16,5400,41.14,200,41.2,17800,41.21,3200,41.22,8800,41.24,1400,41.25,1900,HOLD
1781573754173,09:35:51,41.19,41.63,41.8,41.03,41.63,620300.0,25680000.0,41.19,100,41.18,900,41.17,100,41.16,5400,41.14,200,41.2,18800,41.21,3200,41.22,8800,41.24,1400,41.25,1900,HOLD
1781573757174,09:35:54,41.18,41.63,41.8,41.03,41.63,628000.0,26000000.0,41.14,100,41.13,900,41.12,2500,41.11,1600,41.1,4500,41.18,3600,41.19,1800,41.2,18800,41.21,3100,41.22,8800,HOLD
1781573760175,09:35:57,41.14,41.63,41.8,41.03,41.63,628100.0,26010000.0,41.13,900,41.12,2500,41.11,1600,41.1,4500,41.08,2600,41.18,4700,41.19,1900,41.2,18800,41.21,3100,41.22,8800,HOLD
1781573763176,09:36:00,41.13,41.63,41.8,41.03,41.63,633700.0,26240000.0,41.13,400,41.12,1800,41.11,1600,41.1,4600,41.08,2600,41.16,100,41.18,1300,41.19,1900,41.2,18600,41.21,900,HOLD
1781573766181,09:36:03,41.15,41.63,41.8,41.03,41.63,636200.0,26340000.0,41.11,2000,41.1,4800,41.08,2600,41.07,4900,41.06,400,41.15,100,41.16,3000,41.18,1300,41.19,1800,41.2,18600,HOLD
1781573772179,09:36:09,41.0,41.63,41.8,41.0,41.63,666200.0,27570000.0,41.0,14500,40.98,300,40.95,200,40.92,400,40.9,1100,41.01,400,41.04,2400,41.05,4200,41.06,100,41.09,200,HOLD
1781573775179,09:36:12,41.0,41.63,41.8,41.0,41.63,675300.0,27940000.0,41.0,5600,40.98,300,40.95,100,40.92,400,40.9,1100,41.04,3800,41.05,4200,41.06,100,41.09,200,41.11,500,HOLD
1781573781181,09:36:18,41.0,41.63,41.8,40.95,41.63,698900.0,28910000.0,40.95,2900,40.93,200,40.92,400,40.9,1100,40.89,1000,41.0,7100,41.03,500,41.04,2800,41.05,4200,41.06,100,HOLD
1781573784182,09:36:21,41.0,41.63,41.8,40.95,41.63,710100.0,29370000.0,40.96,200,40.95,1300,40.92,400,40.9,1100,40.89,1000,41.04,800,41.05,4600,41.06,100,41.09,200,41.11,500,HOLD
1781573787183,09:36:24,40.95,41.63,41.8,40.92,41.63,711500.0,29430000.0,40.92,300,40.9,1100,40.89,1000,40.88,1300,40.86,100,40.95,1200,40.96,400,40.99,100,41.0,1500,41.03,100,HOLD
1781573790184,09:36:27,40.95,41.63,41.8,40.92,41.63,713200.0,29500000.0,40.92,500,40.9,1100,40.89,1000,40.88,1600,40.86,100,40.95,2300,40.96,400,40.99,100,41.0,2200,41.01,1300,HOLD
1781573793184,09:36:30,40.88,41.63,41.8,40.88,41.63,718400.0,29710000.0,40.86,100,40.85,100,40.83,500,40.81,1500,40.8,9800,40.89,14900,40.92,1600,40.95,3000,40.96,1500,40.99,100,HOLD
1781573796186,09:36:33,40.89,41.63,41.8,40.88,41.63,719800.0,29770000.0,40.86,100,40.85,100,40.83,500,40.81,1500,40.8,9800,40.89,13800,40.92,1600,40.95,3000,40.96,1100,40.99,100,HOLD
1781573799188,09:36:36,40.83,41.63,41.8,40.83,41.63,720800.0,29810000.0,40.81,1500,40.8,9800,40.78,3600,40.75,200,40.73,200,40.83,900,40.84,2900,40.86,9100,40.88,600,40.89,13800,HOLD
1781573802192,09:36:39,40.81,41.63,41.8,40.81,41.63,722500.0,29880000.0,40.81,1200,40.8,9800,40.78,3600,40.75,200,40.73,200,40.83,100,40.84,2900,40.86,8600,40.88,1100,40.89,14100,HOLD
1781573805192,09:36:42,40.81,41.63,41.8,40.81,41.63,726200.0,30030000.0,40.81,600,40.8,10600,40.78,3600,40.75,200,40.73,200,40.84,1900,40.86,8400,40.88,400,40.89,13800,40.92,1600,HOLD
1781573808192,09:36:45,40.8,41.63,41.8,40.78,41.63,747700.0,30910000.0,40.79,900,40.78,3100,40.77,500,40.75,200,40.73,200,40.8,2500,40.81,6200,40.84,1900,40.86,8400,40.88,400,HOLD
1781573811193,09:36:48,40.84,41.63,41.8,40.78,41.63,759300.0,31380000.0,40.83,200,40.81,3800,40.8,3600,40.79,1300,40.78,3100,40.84,200,40.86,3300,40.88,300,40.89,13800,40.92,1600,HOLD
1781573814196,09:36:51,40.86,41.63,41.8,40.78,41.63,770800.0,31850000.0,40.86,400,40.81,400,40.8,4900,40.79,1300,40.78,3100,40.88,600,40.89,13800,40.92,1600,40.95,1400,40.96,1000,HOLD
1781573817198,09:36:54,40.86,41.63,41.8,40.78,41.63,771200.0,31870000.0,40.86,500,40.84,100,40.83,400,40.82,1000,40.81,400,40.88,600,40.89,14200,40.92,1600,40.95,1400,40.96,1000,HOLD
1781573820198,09:36:57,40.86,41.63,41.8,40.78,41.63,779800.0,32220000.0,40.84,100,40.83,400,40.82,1000,40.81,400,40.8,6900,40.89,100,40.9,200,40.92,1600,40.95,800,40.96,1000,HOLD
1781573823198,09:37:00,40.88,41.63,41.8,40.78,41.63,782300.0,32320000.0,40.88,800,40.87,100,40.84,1800,40.83,800,40.82,1400,40.95,800,40.96,1000,40.99,100,41.0,2100,41.01,100,HOLD
1781573829206,09:37:06,41.06,41.63,41.8,40.78,41.63,791100.0,32680000.0,41.01,200,41.0,700,40.97,300,40.96,600,40.95,2300,41.09,200,41.11,500,41.14,100,41.18,1100,41.19,600,HOLD
1781573835204,09:37:12,41.01,41.63,41.8,40.78,41.63,812300.0,33550000.0,41.01,400,41.0,200,40.99,100,40.96,11600,40.95,22100,41.06,200,41.07,200,41.08,1800,41.09,1100,41.11,500,HOLD
1781573838205,09:37:15,41.01,41.63,41.8,40.78,41.63,816900.0,33740000.0,41.0,400,40.99,100,40.96,11600,40.95,21300,40.9,700,41.08,1600,41.09,1100,41.11,500,41.14,100,41.19,600,HOLD
1781573841206,09:37:18,41.08,41.63,41.8,40.78,41.63,820000.0,33860000.0,41.04,400,41.0,2000,40.99,200,40.96,11600,40.95,21300,41.08,1500,41.09,1100,41.11,500,41.14,100,41.15,1500,HOLD
1781573847207,09:37:24,41.09,41.63,41.8,40.78,41.63,820600.0,33890000.0,41.08,1700,41.06,100,41.04,1100,41.02,200,41.01,1000,41.09,200,41.11,500,41.14,100,41.15,1500,41.19,600,HOLD
1781573850208,09:37:27,41.09,41.63,41.8,40.78,41.63,820800.0,33900000.0,41.08,2000,41.06,100,41.04,1100,41.02,200,41.01,400,41.11,500,41.14,100,41.15,1500,41.19,600,41.2,101100,HOLD
1781573853210,09:37:30,41.09,41.63,41.8,40.78,41.63,831300.0,34330000.0,41.07,200,41.06,400,41.04,1200,41.02,100,41.01,400,41.09,500,41.11,1400,41.14,100,41.15,1500,41.19,600,HOLD
1781573856211,09:37:33,41.07,41.63,41.8,40.78,41.63,831900.0,34350000.0,41.04,1700,41.02,100,41.01,400,41.0,5100,40.99,200,41.08,4200,41.09,900,41.11,800,41.14,100,41.15,1500,HOLD
1781573859212,09:37:36,41.07,41.63,41.8,40.78,41.63,834100.0,34440000.0,41.04,1700,41.02,100,41.01,400,41.0,5800,40.99,200,41.07,900,41.08,2600,41.09,900,41.11,800,41.14,100,HOLD
1781573862213,09:37:39,41.07,41.63,41.8,40.78,41.63,836900.0,34560000.0,41.02,100,41.01,200,41.0,4600,40.99,200,40.97,600,41.07,400,41.08,2600,41.09,900,41.11,800,41.14,100,HOLD
1781573865213,09:37:42,41.07,41.63,41.8,40.78,41.63,837500.0,34580000.0,41.02,400,41.01,200,41.0,4600,40.99,100,40.97,600,41.06,100,41.07,1600,41.08,2600,41.09,900,41.1,100,HOLD
1781573871216,09:37:45,40.97,41.63,41.8,40.78,41.63,843600.0,34830000.0,40.97,100,40.96,300,40.95,500,40.91,1900,40.9,100,40.99,800,41.0,1100,41.01,400,41.03,200,41.04,300,HOLD
1781573874221,09:37:51,40.97,41.63,41.8,40.78,41.63,874900.0,36120000.0,40.99,100,40.97,1000,40.92,1400,40.91,10400,40.9,100,41.05,100,41.06,4200,41.08,24700,41.09,900,41.1,200,HOLD
1781573877220,09:37:54,41.05,41.63,41.8,40.78,41.63,876500.0,36180000.0,40.99,700,40.97,1000,40.92,1400,40.91,5000,40.9,100,41.06,4100,41.08,2900,41.09,900,41.1,200,41.11,800,HOLD
1781573883221,09:38:00,40.97,41.63,41.8,40.78,41.63,882300.0,36420000.0,40.91,200,40.9,2200,40.88,6800,40.85,2100,40.84,1800,40.97,700,40.98,1300,40.99,6000,41.04,200,41.05,2200,HOLD
1781573886222,09:38:03,40.96,41.63,41.8,40.78,41.63,887300.0,36620000.0,40.91,100,40.9,100,40.88,7100,40.85,2100,40.84,1800,40.96,3100,40.97,2800,40.98,100,40.99,6000,41.0,700,HOLD
1781573889228,09:38:06,40.92,41.63,41.8,40.78,41.63,888900.0,36690000.0,40.92,200,40.88,5700,40.85,2100,40.84,1800,40.82,1100,40.96,100,40.97,2200,40.98,100,40.99,6000,41.0,700,HOLD
1781573892227,09:38:09,40.92,41.63,41.8,40.78,41.63,889200.0,36700000.0,40.92,500,40.9,1200,40.89,700,40.88,700,40.85,2100,40.96,5800,40.97,2200,40.98,100,40.99,6000,41.0,700,HOLD
1781573895227,09:38:12,40.9,41.63,41.8,40.78,41.63,890900.0,36770000.0,40.89,1700,40.88,700,40.85,2100,40.84,1900,40.82,1100,40.91,1900,40.95,3200,40.96,6000,40.97,2200,40.98,100,HOLD
1781573898228,09:38:15,40.92,41.63,41.8,40.78,41.63,895600.0,36960000.0,40.92,17200,40.9,200,40.88,700,40.87,600,40.85,2100,40.95,1600,40.96,6400,40.97,2200,40.98,100,40.99,6000,HOLD
1781573901229,09:38:18,40.92,41.63,41.8,40.78,41.63,897100.0,37030000.0,40.92,16400,40.91,100,40.9,300,40.88,700,40.87,600,40.95,1600,40.96,6400,40.97,1500,40.98,100,40.99,6000,HOLD
1781573904218,09:38:21,40.92,41.63,41.8,40.78,41.63,899500.0,37120000.0,40.92,15300,40.91,100,40.9,500,40.88,700,40.87,600,40.95,1700,40.96,6800,40.97,1500,40.98,100,40.99,6000,HOLD
1781573910219,09:38:27,40.95,41.63,41.8,40.78,41.63,922700.0,38070000.0,40.93,500,40.92,1300,40.91,1200,40.9,2000,40.88,800,40.95,2900,40.96,6800,40.97,1400,40.98,100,40.99,6000,HOLD
1781573913219,09:38:30,40.95,41.63,41.8,40.78,41.63,924100.0,38130000.0,40.94,800,40.93,900,40.92,1200,40.91,1100,40.9,3100,40.95,1800,40.96,6800,40.97,1400,40.98,100,40.99,6000,HOLD
1781573916221,09:38:33,40.95,41.63,41.8,40.78,41.63,933000.0,38490000.0,40.9,2700,40.88,3200,40.87,100,40.85,2800,40.84,2600,40.95,1200,40.96,6800,40.97,1400,40.98,100,40.99,6000,HOLD
1781573919223,09:38:36,40.9,41.63,41.8,40.78,41.63,934400.0,38550000.0,40.9,2400,40.88,2300,40.87,100,40.85,2800,40.84,2600,40.92,100,40.93,2300,40.94,200,40.95,1300,40.96,6800,HOLD
1781573922223,09:38:39,40.9,41.63,41.8,40.78,41.63,942300.0,38870000.0,40.88,2300,40.87,800,40.85,3300,40.84,1900,40.82,2200,40.89,5000,40.9,2000,40.92,1200,40.93,3000,40.94,200,HOLD
1781573925225,09:38:42,40.9,41.63,41.8,40.78,41.63,942300.0,38870000.0,40.89,800,40.88,2300,40.87,800,40.85,3300,40.84,1900,40.92,1200,40.93,3000,40.94,600,40.95,1200,40.96,6800,HOLD
1781573928226,09:38:45,40.92,41.63,41.8,40.78,41.63,943000.0,38900000.0,40.89,1000,40.88,2800,40.87,1100,40.85,3300,40.84,1900,40.92,500,40.93,3000,40.94,600,40.95,1200,40.96,6800,HOLD
1781573934215,09:38:51,40.92,41.63,41.8,40.78,41.63,944900.0,38980000.0,40.92,1100,40.9,5300,40.89,900,40.88,2800,40.87,5400,40.93,3300,40.94,600,40.95,1200,40.96,1200,40.97,300,HOLD
1781573937216,09:38:54,40.93,41.63,41.8,40.78,41.63,947000.0,39070000.0,40.92,800,40.9,5400,40.89,900,40.88,1800,40.87,5400,40.93,2100,40.94,600,40.95,1200,40.96,1200,40.98,100,HOLD
1781573943217,09:38:57,40.92,41.63,41.8,40.78,41.63,947700.0,39100000.0,40.92,600,40.9,5400,40.89,900,40.88,1800,40.87,5400,40.93,1900,40.94,600,40.95,1200,40.96,1200,40.98,100,HOLD
1781573946219,09:39:03,40.96,41.63,41.8,40.78,41.63,955900.0,39430000.0,40.95,200,40.93,10000,40.91,100,40.9,5400,40.89,900,40.96,500,40.98,100,40.99,6400,41.0,2100,41.04,200,HOLD
1781573952229,09:39:09,41.02,41.63,41.8,40.78,41.63,966600.0,39870000.0,41.01,200,41.0,700,40.97,100,40.96,5100,40.95,8400,41.08,200,41.09,700,41.1,100,41.11,500,41.14,100,HOLD
1781573955223,09:39:12,41.08,41.63,41.8,40.78,41.63,966800.0,39880000.0,41.05,100,41.02,100,41.01,200,41.0,700,40.97,100,41.08,800,41.09,700,41.1,100,41.11,500,41.14,100,HOLD
1781573961225,09:39:18,41.02,41.63,41.8,40.78,41.63,968400.0,39940000.0,41.04,300,41.01,200,41.0,4300,40.97,100,40.96,3800,41.05,4700,41.08,800,41.09,900,41.1,400,41.11,600,HOLD
1781573967231,09:39:24,41.11,41.63,41.8,40.78,41.63,981400.0,40480000.0,41.11,200,41.1,200,41.08,800,41.04,2400,41.01,1000,41.15,1500,41.19,700,41.2,400,41.21,100,41.22,8800,HOLD
1781573970232,09:39:27,41.08,41.63,41.8,40.78,41.63,982000.0,40500000.0,41.08,700,41.04,2700,41.01,1000,41.0,4400,40.97,100,41.13,200,41.14,200,41.15,1900,41.19,700,41.2,400,HOLD
1781573973232,09:39:30,41.08,41.63,41.8,40.78,41.63,982000.0,40500000.0,41.08,700,41.05,500,41.04,2700,41.02,300,41.01,1000,41.1,700,41.12,200,41.13,3900,41.14,200,41.15,3400,HOLD
1781573976234,09:39:33,41.12,41.63,41.8,40.78,41.63,983300.0,40560000.0,41.11,9300,41.1,100,41.08,1700,41.05,500,41.04,2700,41.13,1700,41.14,200,41.15,3400,41.19,700,41.2,400,HOLD
1781573979235,09:39:36,41.11,41.63,41.8,40.78,41.63,984100.0,40590000.0,41.11,8600,41.1,200,41.08,2200,41.05,300,41.04,2700,41.13,1700,41.14,200,41.15,3400,41.19,700,41.2,400,HOLD
1781573982236,09:39:39,41.13,41.63,41.8,40.78,41.63,984400.0,40600000.0,41.11,8600,41.1,100,41.08,2300,41.05,300,41.04,2700,41.13,1600,41.14,200,41.15,3400,41.19,700,41.2,300,HOLD
1781573985237,09:39:42,41.13,41.63,41.8,40.78,41.63,984500.0,40610000.0,41.11,8800,41.1,100,41.08,2300,41.05,300,41.04,2600,41.13,1500,41.14,200,41.15,3400,41.19,700,41.2,300,HOLD
1781573988237,09:39:45,41.13,41.63,41.8,40.78,41.63,995000.0,41040000.0,41.12,400,41.1,3000,41.08,2300,41.05,300,41.04,2500,41.13,1100,41.14,200,41.15,3400,41.19,700,41.2,300,HOLD
1781573991239,09:39:48,41.13,41.63,41.8,40.78,41.63,996000.0,41080000.0,41.1,4000,41.08,2300,41.05,300,41.04,2500,41.02,800,41.13,500,41.14,200,41.15,3400,41.19,700,41.2,300,HOLD
1781573994224,09:39:51,41.13,41.63,41.8,40.78,41.63,996700.0,41110000.0,41.13,1700,41.12,2800,41.11,400,41.1,4000,41.08,2300,41.14,200,41.15,3400,41.19,700,41.2,300,41.21,100,HOLD
1781573997225,09:39:54,41.13,41.63,41.8,40.78,41.63,998300.0,41170000.0,41.13,500,41.12,2800,41.11,400,41.1,4000,41.08,2300,41.14,200,41.15,3400,41.19,700,41.2,300,41.21,100,HOLD
1781574000227,09:39:57,41.14,41.63,41.8,40.78,41.63,998500.0,41180000.0,41.14,800,41.13,600,41.12,2800,41.11,200,41.1,4000,41.15,3000,41.19,700,41.2,300,41.21,100,41.22,8800,HOLD
1781574003227,09:40:00,41.15,41.63,41.8,40.78,41.63,999600.0,41230000.0,41.14,2600,41.13,700,41.12,2800,41.11,200,41.1,4000,41.15,2200,41.19,700,41.2,300,41.21,100,41.22,8800,HOLD
1781574009230,09:40:06,41.15,41.63,41.8,40.78,41.63,1007200.0,41540000.0,41.13,600,41.12,2800,41.11,200,41.1,4100,41.08,2300,41.15,2000,41.19,1100,41.2,300,41.21,100,41.22,8800,HOLD
1781574012234,09:40:09,41.15,41.63,41.8,40.78,41.63,1011700.0,41720000.0,41.15,300,41.14,600,41.13,600,41.12,2800,41.11,800,41.17,100,41.18,600,41.19,1100,41.2,300,41.21,100,HOLD
1781574015232,09:40:12,41.14,41.63,41.8,40.78,41.63,1018200.0,41990000.0,41.12,2800,41.11,600,41.1,4200,41.08,2300,41.06,600,41.14,4800,41.15,2900,41.17,900,41.18,600,41.19,1100,HOLD
1781574021234,09:40:18,41.11,41.63,41.8,40.78,41.63,1021600.0,42130000.0,41.11,400,41.1,4200,41.08,2300,41.06,600,41.05,100,41.12,1600,41.13,300,41.14,4700,41.15,2900,41.17,800,HOLD
1781574027236,09:40:24,41.14,41.63,41.8,40.78,41.63,1032600.0,42580000.0,41.14,1700,41.13,1400,41.11,400,41.1,4300,41.08,2300,41.15,100,41.17,800,41.18,600,41.19,1100,41.2,300,HOLD
1781574030236,09:40:27,41.14,41.63,41.8,40.78,41.63,1035200.0,42690000.0,41.1,4300,41.08,2300,41.06,800,41.05,100,41.04,2100,41.14,300,41.15,5100,41.17,800,41.18,600,41.19,1200,HOLD
1781574036237,09:40:33,41.15,41.63,41.8,40.78,41.63,1039900.0,42880000.0,41.14,10600,41.13,2000,41.12,5500,41.11,100,41.1,4800,41.15,800,41.17,800,41.18,600,41.19,1200,41.2,300,HOLD
1781574042239,09:40:39,41.17,41.63,41.8,40.78,41.63,1049100.0,43260000.0,41.16,100,41.15,700,41.14,4500,41.13,2000,41.12,5500,41.18,600,41.19,1200,41.2,300,41.21,100,41.22,8800,HOLD
1781574045241,09:40:42,41.18,41.63,41.8,40.78,41.63,1049300.0,43270000.0,41.16,100,41.15,700,41.14,4500,41.13,2000,41.12,5500,41.18,600,41.19,1200,41.2,300,41.21,100,41.22,8800,HOLD
1781574048243,09:40:45,41.17,41.63,41.8,40.78,41.63,1049800.0,43290000.0,41.16,100,41.15,2300,41.14,4500,41.13,2000,41.12,5500,41.17,700,41.18,400,41.19,1200,41.2,300,41.21,100,HOLD
1781574051243,09:40:48,41.18,41.63,41.8,40.78,41.63,1050900.0,43340000.0,41.18,300,41.16,100,41.15,2300,41.14,4500,41.13,2000,41.19,1200,41.2,300,41.21,100,41.22,8800,41.23,300,HOLD
1781574054245,09:40:51,41.19,41.63,41.8,40.78,41.63,1051300.0,43350000.0,41.18,100,41.16,1700,41.15,1600,41.14,4500,41.13,2000,41.19,1100,41.2,300,41.21,100,41.22,8800,41.23,300,HOLD
1781574057247,09:40:54,41.19,41.63,41.8,40.78,41.63,1054400.0,43480000.0,41.19,3900,41.18,2900,41.17,3400,41.16,1700,41.15,3400,41.2,300,41.21,100,41.22,9200,41.23,300,41.24,100,HOLD
1781574060249,09:40:57,41.19,41.63,41.8,40.78,41.63,1054800.0,43500000.0,41.19,4500,41.18,3000,41.17,6300,41.16,1700,41.15,3400,41.2,300,41.21,100,41.22,9200,41.23,300,41.24,100,HOLD
1781574066250,09:41:03,41.19,41.63,41.8,40.78,41.63,1058800.0,43660000.0,41.19,3400,41.18,3000,41.17,6300,41.16,1700,41.15,1800,41.21,1100,41.22,8600,41.23,300,41.24,100,41.28,6600,HOLD
1781574069250,09:41:06,41.21,41.63,41.8,40.78,41.63,1059300.0,43680000.0,41.2,1000,41.19,3400,41.18,3000,41.17,6300,41.16,1700,41.21,2100,41.22,8600,41.23,300,41.24,100,41.28,6600,HOLD
1781574072240,09:41:09,41.2,41.63,41.8,40.78,41.63,1060600.0,43740000.0,41.19,3400,41.18,3000,41.17,6300,41.16,1700,41.15,1800,41.2,100,41.21,3000,41.22,8600,41.23,300,41.24,100,HOLD
1781574075238,09:41:12,41.2,41.63,41.8,40.78,41.63,1060700.0,43740000.0,41.19,5000,41.18,3000,41.17,6300,41.16,1700,41.15,1800,41.2,200,41.21,3000,41.22,8600,41.23,300,41.24,100,HOLD
1781574078239,09:41:15,41.21,41.63,41.8,40.78,41.63,1061300.0,43770000.0,41.2,500,41.19,5200,41.18,3000,41.17,6300,41.16,1700,41.21,2900,41.22,8600,41.23,300,41.24,100,41.28,6600,HOLD
1781574081238,09:41:18,41.2,41.63,41.8,40.78,41.63,1061600.0,43780000.0,41.2,300,41.19,4200,41.18,3000,41.17,3400,41.16,1700,41.21,2900,41.22,8600,41.23,300,41.24,100,41.28,6600,HOLD
1781574084242,09:41:21,41.21,41.63,41.8,40.78,41.63,1066100.0,43960000.0,41.19,2700,41.18,3000,41.17,3400,41.16,1700,41.15,1800,41.2,300,41.22,7600,41.23,300,41.24,100,41.28,6600,HOLD
1781574087241,09:41:24,41.2,41.63,41.8,40.78,41.63,1066400.0,43980000.0,41.21,2600,41.2,2300,41.19,2700,41.18,3000,41.17,3400,41.22,7600,41.23,300,41.24,100,41.28,6600,41.29,100,HOLD
1781574090244,09:41:27,41.21,41.63,41.8,40.78,41.63,1069300.0,44100000.0,41.21,11300,41.2,2300,41.19,2700,41.18,3000,41.17,3400,41.22,7000,41.23,300,41.24,100,41.28,6600,41.29,100,HOLD
1781574096243,09:41:33,41.21,41.63,41.8,40.78,41.63,1089100.0,44910000.0,41.19,2800,41.18,3000,41.17,3900,41.16,2800,41.15,1900,41.21,6700,41.22,6100,41.23,300,41.24,100,41.25,100,HOLD
1781574099244,09:41:36,41.18,41.63,41.8,40.78,41.63,1095800.0,45190000.0,41.17,3700,41.16,2200,41.15,1900,41.14,4300,41.13,2000,41.18,100,41.19,4400,41.2,1700,41.21,6500,41.22,6100,HOLD
1781574102247,09:41:39,41.21,41.63,41.8,40.78,41.63,1103000.0,45480000.0,41.18,400,41.17,700,41.16,2200,41.15,1900,41.14,4300,41.21,6400,41.22,6100,41.23,300,41.24,100,41.25,100,HOLD
1781574105247,09:41:42,41.18,41.63,41.8,40.78,41.63,1104000.0,45520000.0,41.17,700,41.16,2200,41.15,1900,41.14,4300,41.13,2500,41.18,200,41.21,4900,41.22,5800,41.23,300,41.24,100,HOLD
1781574108249,09:41:45,41.18,41.63,41.8,40.78,41.63,1104400.0,45540000.0,41.18,200,41.17,1100,41.16,2200,41.15,1900,41.14,4300,41.19,200,41.2,300,41.21,4200,41.22,5800,41.23,300,HOLD
1781574111250,09:41:48,41.21,41.63,41.8,40.78,41.63,1105600.0,45590000.0,41.2,100,41.19,300,41.18,500,41.17,1100,41.16,2200,41.21,4700,41.22,5800,41.23,300,41.24,100,41.25,100,HOLD
1781574114252,09:41:51,41.17,41.63,41.8,40.78,41.63,1106600.0,45630000.0,41.17,1000,41.16,2200,41.15,1900,41.14,4300,41.13,2500,41.21,4700,41.22,5800,41.23,300,41.24,100,41.25,100,HOLD
1781574117252,09:41:54,41.21,41.63,41.8,40.78,41.63,1107100.0,45650000.0,41.19,400,41.17,1200,41.16,2200,41.15,2400,41.14,4300,41.21,4300,41.22,5800,41.23,600,41.24,100,41.25,100,HOLD
1781574120255,09:41:57,41.2,41.63,41.8,40.78,41.63,1107800.0,45680000.0,41.19,400,41.17,1200,41.16,2200,41.15,2400,41.14,4300,41.2,3300,41.21,4600,41.22,5800,41.23,600,41.24,100,HOLD
1781574126255,09:42:03,41.19,41.63,41.8,40.78,41.63,1108300.0,45700000.0,41.17,700,41.16,2700,41.15,2400,41.14,4300,41.13,2500,41.18,1400,41.19,100,41.2,3200,41.21,4700,41.22,5800,HOLD
1781574129258,09:42:06,41.18,41.63,41.8,40.78,41.63,1115200.0,45990000.0,41.18,2800,41.17,800,41.16,3400,41.15,7400,41.14,4300,41.21,3500,41.22,5800,41.23,600,41.24,100,41.28,300,HOLD
1781574135263,09:42:12,41.24,41.63,41.8,40.78,41.63,1126700.0,46460000.0,41.22,2700,41.21,500,41.2,700,41.19,100,41.18,4200,41.28,300,41.29,100,41.3,500,41.31,1600,41.32,1900,HOLD
1781574138261,09:42:15,41.22,41.63,41.8,40.78,41.63,1129200.0,46560000.0,41.22,400,41.21,500,41.2,700,41.19,100,41.18,3700,41.28,200,41.29,100,41.3,500,41.31,1600,41.32,1900,HOLD
1781574141261,09:42:18,41.28,41.63,41.8,40.78,41.63,1129400.0,46570000.0,41.24,500,41.23,100,41.22,1200,41.21,500,41.2,700,41.28,300,41.29,100,41.3,500,41.31,1600,41.32,1900,HOLD
1781574144263,09:42:21,41.28,41.63,41.8,40.78,41.63,1129400.0,46570000.0,41.24,1300,41.23,100,41.22,1200,41.21,500,41.2,700,41.27,400,41.28,500,41.29,100,41.3,500,41.31,1600,HOLD
1781574147266,09:42:24,41.27,41.63,41.8,40.78,41.63,1129500.0,46580000.0,41.24,1300,41.23,100,41.22,1200,41.21,500,41.2,700,41.27,300,41.28,500,41.29,100,41.3,500,41.31,1600,HOLD
1781574150266,09:42:27,41.27,41.63,41.8,40.78,41.63,1130500.0,46620000.0,41.28,1000,41.27,400,41.25,100,41.24,1300,41.23,100,41.3,500,41.31,1600,41.32,1900,41.33,500,41.36,20200,HOLD
1781574153268,09:42:30,41.3,41.63,41.8,40.78,41.63,1130800.0,46630000.0,41.28,1300,41.27,7400,41.25,100,41.24,1300,41.23,100,41.3,200,41.31,1600,41.32,1900,41.33,500,41.36,20200,HOLD
1781574156269,09:42:33,41.36,41.63,41.8,40.78,41.63,1135400.0,46820000.0,41.35,200,41.34,100,41.32,200,41.3,1800,41.29,600,41.36,20000,41.42,200,41.46,500,41.47,100,41.49,100,HOLD
1781574159269,09:42:36,41.36,41.63,41.8,40.78,41.63,1155600.0,47650000.0,41.36,12800,41.35,200,41.34,100,41.32,900,41.3,6800,41.42,200,41.46,500,41.47,100,41.49,100,41.5,2000,HOLD
1781574162271,09:42:39,41.37,41.63,41.8,40.78,41.63,1156600.0,47700000.0,41.36,13900,41.35,200,41.34,100,41.32,900,41.3,7300,41.42,100,41.46,500,41.47,100,41.49,100,41.5,2000,HOLD
1781574165271,09:42:42,41.42,41.63,41.8,40.78,41.63,1159700.0,47820000.0,41.36,3900,41.35,200,41.34,100,41.32,900,41.3,7300,41.46,500,41.47,100,41.49,100,41.5,2000,41.6,2100,HOLD
1781574171272,09:42:48,41.36,41.63,41.8,40.78,41.63,1161900.0,47920000.0,41.36,2700,41.35,200,41.34,100,41.32,200,41.31,600,41.39,1900,41.42,2800,41.43,1800,41.44,2800,41.45,400,HOLD
1781574177275,09:42:54,41.39,41.63,41.8,40.78,41.63,1168900.0,48210000.0,41.39,900,41.36,3500,41.35,200,41.34,100,41.32,700,41.44,700,41.45,400,41.46,1700,41.47,100,41.49,100,HOLD
1781574180275,09:42:57,41.44,41.63,41.8,40.78,41.63,1169300.0,48220000.0,41.42,100,41.39,2100,41.37,300,41.36,23000,41.35,200,41.45,100,41.46,1700,41.47,100,41.49,100,41.5,2200,HOLD
1781574186261,09:43:03,41.39,41.63,41.8,40.78,41.63,1178700.0,48610000.0,41.39,4500,41.38,100,41.36,16300,41.34,100,41.32,200,41.46,1700,41.47,800,41.49,900,41.5,2200,41.6,2100,HOLD
1781574189262,09:43:06,41.39,41.63,41.8,40.78,41.63,1178700.0,48610000.0,41.39,4500,41.38,100,41.36,16400,41.34,100,41.32,200,41.45,100,41.46,2500,41.47,800,41.49,900,41.5,2200,HOLD
1781574192263,09:43:09,41.45,41.63,41.8,40.78,41.63,1178900.0,48620000.0,41.39,4500,41.38,100,41.36,16900,41.34,100,41.32,200,41.44,9100,41.45,2600,41.46,2500,41.47,800,41.49,900,HOLD
1781574195269,09:43:12,41.44,41.63,41.8,40.78,41.63,1182000.0,48750000.0,41.41,100,41.4,300,41.39,5000,41.38,100,41.36,16900,41.44,6700,41.45,300,41.46,2500,41.47,800,41.49,900,HOLD
1781574198266,09:43:15,41.44,41.63,41.8,40.78,41.63,1183100.0,48790000.0,41.41,100,41.4,300,41.39,6000,41.38,100,41.36,16900,41.44,5900,41.45,300,41.46,1800,41.47,800,41.49,900,HOLD
1781574201266,09:43:18,41.41,41.63,41.8,40.78,41.63,1184000.0,48830000.0,41.4,300,41.39,6000,41.38,100,41.36,19600,41.34,100,41.41,4600,41.44,5600,41.45,200,41.46,1700,41.47,1000,HOLD
1781574204267,09:43:21,41.39,41.63,41.8,40.78,41.63,1200100.0,49500000.0,41.42,2800,41.39,1500,41.38,100,41.36,19600,41.34,100,41.44,4300,41.45,200,41.46,1700,41.47,1000,41.49,900,HOLD
1781574207269,09:43:24,41.44,41.63,41.8,40.78,41.63,1200700.0,49520000.0,41.42,2900,41.38,100,41.36,20300,41.34,100,41.32,400,41.44,4200,41.45,200,41.46,1700,41.47,1000,41.49,900,HOLD
1781574213270,09:43:30,41.42,41.63,41.8,40.78,41.63,1204500.0,49680000.0,41.4,200,41.39,100,41.36,19300,41.34,100,41.32,400,41.41,100,41.42,800,41.43,200,41.44,3800,41.45,200,HOLD
1781574216271,09:43:33,41.54,41.63,41.8,40.78,41.63,1222000.0,50410000.0,41.51,100,41.5,41600,41.42,800,41.41,400,41.4,1500,41.59,300,41.6,2300,41.62,300,41.63,3800,41.64,1000,HOLD
1781574219272,09:43:36,41.58,41.63,41.8,40.78,41.63,1222700.0,50430000.0,41.57,500,41.51,500,41.5,41600,41.43,300,41.42,800,41.6,2300,41.62,300,41.63,3800,41.66,500,41.68,100,HOLD
1781574222274,09:43:39,41.57,41.63,41.8,40.78,41.63,1323900.0,54630000.0,41.49,400,41.48,100,41.47,1100,41.44,1100,41.43,1600,41.57,100,41.59,100,41.6,2300,41.62,300,41.63,3800,HOLD
1781574228277,09:43:45,41.57,41.63,41.8,40.78,41.63,1325700.0,54710000.0,41.51,100,41.5,600,41.48,100,41.47,1100,41.44,700,41.57,1500,41.59,100,41.6,2300,41.62,300,41.63,3800,HOLD
1781574231277,09:43:48,41.57,41.63,41.8,40.78,41.63,1327800.0,54800000.0,41.57,3700,41.52,100,41.51,100,41.5,700,41.48,100,41.59,100,41.6,2500,41.62,300,41.63,3800,41.66,500,HOLD
1781574234277,09:43:51,41.57,41.63,41.8,40.78,41.63,1332100.0,54970000.0,41.53,100,41.52,100,41.51,200,41.5,700,41.48,100,41.56,200,41.57,200,41.58,200,41.59,200,41.6,2500,HOLD
1781574237280,09:43:54,41.57,41.63,41.8,40.78,41.63,1332100.0,54970000.0,41.54,100,41.53,100,41.52,100,41.51,200,41.5,700,41.56,200,41.57,200,41.58,200,41.59,200,41.6,2500,HOLD
1781574240282,09:43:57,41.58,41.63,41.8,40.78,41.63,1334400.0,55070000.0,41.54,600,41.53,100,41.52,100,41.51,500,41.5,900,41.56,600,41.59,200,41.6,2500,41.62,500,41.63,1300,HOLD
1781574246284,09:44:03,41.58,41.63,41.8,40.78,41.63,1338500.0,55240000.0,41.58,100,41.56,600,41.54,700,41.53,100,41.52,100,41.59,600,41.6,2500,41.62,500,41.63,1300,41.66,500,HOLD
1781574249286,09:44:06,41.52,41.63,41.8,40.78,41.63,1344600.0,55490000.0,41.51,1300,41.5,1800,41.48,100,41.44,700,41.43,1600,41.52,800,41.54,400,41.56,500,41.58,4000,41.59,2000,HOLD
1781574252285,09:44:09,41.52,41.63,41.8,40.78,41.63,1347200.0,55600000.0,41.5,1300,41.49,600,41.48,100,41.44,700,41.43,1600,41.54,700,41.56,100,41.57,1000,41.58,3800,41.59,2000,HOLD
1781574255290,09:44:12,41.52,41.63,41.8,40.78,41.63,1348600.0,55660000.0,41.52,100,41.5,900,41.49,600,41.48,100,41.44,700,41.54,1500,41.55,300,41.56,1200,41.57,1000,41.58,3800,HOLD
1781574258288,09:44:15,41.54,41.63,41.8,40.78,41.63,1350100.0,55720000.0,41.52,900,41.5,800,41.49,600,41.48,100,41.44,700,41.54,800,41.55,300,41.56,800,41.57,1000,41.58,3700,HOLD
1781574261289,09:44:18,41.52,41.63,41.8,40.78,41.63,1352300.0,55810000.0,41.5,800,41.49,600,41.48,100,41.44,700,41.43,1800,41.51,400,41.53,400,41.54,100,41.55,300,41.56,800,HOLD
1781574264289,09:44:21,41.47,41.63,41.8,40.78,41.63,1354700.0,55910000.0,41.44,100,41.43,1500,41.42,400,41.39,600,41.36,19100,41.49,100,41.5,1300,41.51,400,41.52,100,41.53,200,HOLD
1781574267292,09:44:24,41.47,41.63,41.8,40.78,41.63,1355400.0,55940000.0,41.44,1500,41.42,400,41.39,600,41.36,19100,41.35,100,41.47,100,41.48,500,41.49,2800,41.5,1300,41.51,400,HOLD
1781574270293,09:44:27,41.36,41.63,41.8,40.78,41.63,1361000.0,56170000.0,41.36,18800,41.35,100,41.34,1800,41.33,500,41.31,600,41.43,100,41.44,18200,41.47,800,41.49,1700,41.5,1300,HOLD
1781574273293,09:44:30,41.41,41.63,41.8,40.78,41.63,1361400.0,56190000.0,41.36,18600,41.35,100,41.33,500,41.31,600,41.3,500,41.42,20800,41.43,1000,41.44,18100,41.47,800,41.49,1700,HOLD
1781574276294,09:44:33,41.42,41.63,41.8,40.78,41.63,1365900.0,56380000.0,41.38,100,41.37,300,41.36,18400,41.35,100,41.33,500,41.42,19600,41.43,900,41.44,1900,41.47,800,41.49,1700,HOLD
1781574279295,09:44:36,41.4,41.63,41.8,40.78,41.63,1367700.0,56450000.0,41.38,300,41.36,18500,41.35,100,41.33,500,41.32,200,41.41,200,41.42,19600,41.43,900,41.44,1900,41.47,300,HOLD
1781574282297,09:44:39,41.36,41.63,41.8,40.78,41.63,1370500.0,56570000.0,41.36,16000,41.35,100,41.32,200,41.31,600,41.3,300,41.38,100,41.41,200,41.42,20900,41.43,900,41.44,1200,HOLD
1781574285298,09:44:42,41.4,41.63,41.8,40.78,41.63,1377000.0,56840000.0,41.37,600,41.36,17000,41.35,100,41.33,100,41.32,200,41.4,500,41.42,16400,41.43,800,41.44,1200,41.47,300,HOLD
1781574288299,09:44:45,41.37,41.63,41.8,40.78,41.63,1378600.0,56900000.0,41.37,900,41.36,17000,41.35,500,41.33,100,41.32,200,41.39,200,41.42,15400,41.43,200,41.44,1200,41.47,300,HOLD
1781574291299,09:44:48,41.36,41.63,41.8,40.78,41.63,1383900.0,57120000.0,41.36,12600,41.35,400,41.33,100,41.32,900,41.31,600,41.37,400,41.39,200,41.4,3300,41.42,15400,41.43,200,HOLD
1781574294300,09:44:51,41.36,41.63,41.8,40.78,41.63,1400300.0,57800000.0,41.36,700,41.33,200,41.32,900,41.31,600,41.3,800,41.37,400,41.39,200,41.4,3300,41.42,15400,41.43,200,HOLD
1781574297302,09:44:54,41.39,41.63,41.8,40.78,41.63,1401300.0,57840000.0,41.37,500,41.36,1000,41.32,900,41.31,600,41.3,800,41.39,100,41.4,3300,41.42,15400,41.43,200,41.44,1200,HOLD
1781574300303,09:44:57,41.39,41.63,41.8,40.78,41.63,1401400.0,57850000.0,41.39,100,41.37,600,41.36,1500,41.32,900,41.31,600,41.4,3300,41.42,15400,41.43,200,41.44,1200,41.49,900,HOLD
1781574303304,09:45:00,41.39,41.63,41.8,40.78,41.63,1402000.0,57870000.0,41.39,1000,41.37,400,41.36,1500,41.34,200,41.32,900,41.4,3300,41.42,15400,41.43,200,41.44,1200,41.49,900,HOLD
1781574306305,09:45:03,41.42,41.63,41.8,40.78,41.63,1411900.0,58280000.0,41.4,200,41.39,1000,41.37,400,41.36,2900,41.34,200,41.42,11500,41.43,200,41.44,1200,41.49,100,41.5,1500,HOLD
1781574309306,09:45:06,41.42,41.63,41.8,40.78,41.63,1418100.0,58540000.0,41.4,500,41.39,400,41.37,400,41.36,2500,41.34,200,41.42,8100,41.43,200,41.44,1200,41.49,100,41.5,1500,HOLD
1781574312309,09:45:09,41.42,41.63,41.8,40.78,41.63,1420600.0,58640000.0,41.41,1200,41.4,600,41.39,600,41.38,800,41.37,400,41.42,6000,41.43,200,41.44,1200,41.49,100,41.5,1500,HOLD
1781574318313,09:45:15,41.44,41.63,41.8,40.78,41.63,1424200.0,58790000.0,41.42,500,41.41,1200,41.4,1000,41.39,600,41.38,800,41.44,1100,41.49,100,41.5,1500,41.55,200,41.56,800,HOLD
1781574321310,09:45:18,41.42,41.63,41.8,40.78,41.63,1425300.0,58840000.0,41.42,500,41.41,1200,41.4,1400,41.39,700,41.38,800,41.44,200,41.49,100,41.5,1500,41.55,200,41.56,800,HOLD
1781574324313,09:45:21,41.44,41.63,41.8,40.78,41.63,1425500.0,58840000.0,41.42,500,41.41,1200,41.4,1600,41.39,500,41.38,800,41.44,900,41.49,300,41.5,1500,41.55,200,41.56,800,HOLD
1781574327313,09:45:24,41.44,41.63,41.8,40.78,41.63,1426100.0,58870000.0,41.42,700,41.41,1200,41.4,1500,41.39,500,41.38,800,41.44,1000,41.49,300,41.5,1500,41.55,200,41.56,800,HOLD
1781574330315,09:45:27,41.44,41.63,41.8,40.78,41.63,1427200.0,58910000.0,41.44,4200,41.43,200,41.42,1000,41.41,1100,41.4,1500,41.49,400,41.5,1700,41.55,200,41.56,800,41.58,2900,HOLD
1781574333331,09:45:30,41.49,41.63,41.8,40.78,41.63,1427300.0,58920000.0,41.46,100,41.45,100,41.44,4400,41.42,1000,41.41,100,41.49,400,41.5,1700,41.55,200,41.56,800,41.58,2900,HOLD
1781574336315,09:45:33,41.44,41.63,41.8,40.78,41.63,1428200.0,58960000.0,41.44,5000,41.42,1700,41.41,100,41.4,1500,41.39,500,41.47,200,41.49,400,41.5,1700,41.55,200,41.56,800,HOLD
1781574339315,09:45:36,41.47,41.63,41.8,40.78,41.63,1428400.0,58960000.0,41.45,400,41.44,5100,41.42,1500,41.41,100,41.4,2800,41.47,500,41.49,400,41.5,1700,41.53,3000,41.55,200,HOLD
1781574342302,09:45:39,41.44,41.63,41.8,40.78,41.63,1434700.0,59230000.0,41.44,1100,41.42,1400,41.41,100,41.4,2800,41.39,500,41.47,200,41.49,700,41.5,1700,41.53,3000,41.55,200,HOLD
1781574345302,09:45:42,41.47,41.63,41.8,40.78,41.63,1439000.0,59400000.0,41.45,500,41.44,1600,41.43,1000,41.42,1400,41.41,100,41.49,700,41.5,1700,41.53,3000,41.55,200,41.56,800,HOLD
1781574351307,09:45:48,41.49,41.63,41.8,40.78,41.63,1444300.0,59620000.0,41.43,1000,41.42,1300,41.41,100,41.4,2200,41.39,700,41.47,700,41.49,400,41.5,1700,41.53,3000,41.55,700,HOLD
1781574354308,09:45:51,41.47,41.63,41.8,40.78,41.63,1447400.0,59750000.0,41.43,900,41.42,1300,41.41,100,41.4,2200,41.39,700,41.44,600,41.47,900,41.49,400,41.5,1700,41.53,3000,HOLD
1781574357310,09:45:54,41.43,41.63,41.8,40.78,41.63,1450200.0,59870000.0,41.4,2200,41.39,1100,41.38,200,41.37,400,41.36,1800,41.43,1400,41.44,3200,41.45,500,41.46,10000,41.47,900,HOLD
1781574360310,09:45:57,41.4,41.63,41.8,40.78,41.63,1451900.0,59940000.0,41.4,1300,41.39,700,41.38,200,41.37,400,41.36,1800,41.42,200,41.43,2100,41.44,3200,41.45,500,41.46,10000,HOLD
1781574363310,09:46:00,41.39,41.63,41.8,40.78,41.63,1453900.0,60020000.0,41.39,600,41.38,200,41.37,400,41.36,1800,41.35,500,41.41,600,41.42,300,41.43,2100,41.44,3200,41.45,500,HOLD
1781574366311,09:46:03,41.38,41.63,41.8,40.78,41.63,1454900.0,60060000.0,41.38,100,41.37,400,41.36,1800,41.35,500,41.34,200,41.4,1200,41.41,600,41.42,300,41.43,2500,41.44,2600,HOLD
1781574369314,09:46:06,41.39,41.63,41.8,40.78,41.63,1455400.0,60080000.0,41.39,100,41.38,300,41.37,400,41.36,1800,41.35,500,41.4,900,41.41,700,41.42,300,41.43,1400,41.44,2600,HOLD
1781574372301,09:46:09,41.46,41.63,41.8,40.78,41.63,1462000.0,60360000.0,41.41,400,41.4,400,41.39,300,41.38,500,41.37,400,41.46,9200,41.47,800,41.49,1000,41.5,1500,41.53,3300,HOLD
1781574375301,09:46:12,41.46,41.63,41.8,40.78,41.63,1463800.0,60430000.0,41.43,100,41.42,900,41.41,1400,41.4,1000,41.39,200,41.46,7400,41.49,900,41.5,1500,41.53,3000,41.55,700,HOLD
1781574381306,09:46:18,41.46,41.63,41.8,40.78,41.63,1466000.0,60520000.0,41.44,500,41.43,1100,41.42,900,41.41,500,41.4,700,41.46,5700,41.49,600,41.5,1500,41.53,3000,41.55,700,HOLD
1781574387304,09:46:24,41.49,41.63,41.8,40.78,41.63,1472000.0,60770000.0,41.46,900,41.45,300,41.44,1300,41.43,1200,41.42,900,41.49,500,41.5,1500,41.53,3000,41.55,700,41.56,800,HOLD
1781574390307,09:46:27,41.46,41.63,41.8,40.78,41.63,1476300.0,60950000.0,41.45,400,41.44,1300,41.43,100,41.42,1400,41.41,1100,41.46,18400,41.49,500,41.5,1500,41.53,3000,41.55,700,HOLD
1781574393307,09:46:30,41.5,41.63,41.8,40.78,41.63,1496700.0,61800000.0,41.51,100,41.49,600,41.48,700,41.46,7900,41.45,600,41.53,3000,41.55,800,41.56,800,41.58,3000,41.59,900,HOLD
1781574396308,09:46:33,41.53,41.63,41.8,40.78,41.63,1499600.0,61920000.0,41.51,400,41.5,900,41.49,1100,41.48,700,41.46,7400,41.53,600,41.55,700,41.56,600,41.58,3000,41.59,900,HOLD
1781574399309,09:46:36,41.51,41.63,41.8,40.78,41.63,1499800.0,61920000.0,41.51,300,41.5,900,41.49,1100,41.48,700,41.46,7400,41.53,600,41.55,700,41.56,600,41.58,3000,41.59,900,HOLD
1781574402310,09:46:39,41.54,41.63,41.8,40.78,41.63,1501000.0,61970000.0,41.53,500,41.52,700,41.51,1300,41.5,1000,41.49,200,41.55,200,41.56,500,41.57,100,41.58,3000,41.59,900,HOLD
1781574408314,09:46:45,41.54,41.63,41.8,40.78,41.63,1501100.0,61980000.0,41.53,2700,41.52,700,41.51,1300,41.5,1000,41.48,1400,41.54,500,41.55,2400,41.56,500,41.57,100,41.58,3000,HOLD
1781574411315,09:46:48,41.53,41.63,41.8,40.78,41.63,1505400.0,62160000.0,41.51,1400,41.5,1000,41.48,1600,41.46,5000,41.45,500,41.53,1800,41.54,2800,41.55,2700,41.56,500,41.58,3000,HOLD
1781574414316,09:46:51,41.51,41.63,41.8,40.78,41.63,1506000.0,62180000.0,41.51,1200,41.5,1000,41.48,2700,41.46,6000,41.45,500,41.53,2400,41.54,2800,41.55,2600,41.56,500,41.58,3000,HOLD
1781574417317,09:46:54,41.51,41.63,41.8,40.78,41.63,1506000.0,62180000.0,41.51,1400,41.5,1000,41.48,2700,41.46,6000,41.45,500,41.53,2400,41.54,2800,41.55,2600,41.56,500,41.58,2800,HOLD
1781574420320,09:46:57,41.53,41.63,41.8,40.78,41.63,1507000.0,62220000.0,41.52,200,41.51,1900,41.5,1700,41.49,600,41.48,2700,41.53,1300,41.54,2800,41.55,2700,41.56,500,41.58,2800,HOLD
1781574423321,09:47:00,41.56,41.63,41.8,40.78,41.63,1514200.0,62520000.0,41.55,300,41.54,200,41.53,800,41.52,400,41.51,1800,41.56,100,41.58,2800,41.59,900,41.6,2400,41.62,300,HOLD
1781574426322,09:47:03,41.58,41.63,41.8,40.78,41.63,1516700.0,62630000.0,41.56,200,41.55,300,41.54,200,41.53,800,41.52,200,41.58,400,41.59,900,41.6,2400,41.62,300,41.63,1300,HOLD
1781574429324,09:47:06,41.58,41.63,41.8,40.78,41.63,1517100.0,62640000.0,41.56,200,41.55,2300,41.54,200,41.53,800,41.52,200,41.58,300,41.59,900,41.6,2400,41.62,300,41.63,1300,HOLD
1781574432326,09:47:09,41.56,41.63,41.8,40.78,41.63,1517300.0,62650000.0,41.55,2300,41.54,200,41.53,800,41.52,200,41.51,1700,41.56,300,41.58,400,41.59,900,41.6,2400,41.62,300,HOLD
1781574435312,09:47:12,41.55,41.63,41.8,40.78,41.63,1517700.0,62670000.0,41.55,2200,41.54,200,41.53,800,41.52,300,41.51,1600,41.58,500,41.59,900,41.6,2400,41.62,300,41.63,1300,HOLD
1781574438313,09:47:15,41.56,41.63,41.8,40.78,41.63,1517900.0,62680000.0,41.56,3100,41.55,2200,41.54,900,41.53,1900,41.52,300,41.57,100,41.58,500,41.59,900,41.6,2200,41.62,300,HOLD
1781574444318,09:47:21,41.57,41.63,41.8,40.78,41.63,1519800.0,62760000.0,41.56,3900,41.55,2200,41.54,900,41.53,1900,41.52,800,41.58,200,41.59,900,41.6,2200,41.62,300,41.63,1300,HOLD
1781574447315,09:47:24,41.57,41.63,41.8,40.78,41.63,1520000.0,62760000.0,41.57,600,41.56,4700,41.55,2200,41.54,1500,41.53,1900,41.58,200,41.59,900,41.6,2200,41.62,300,41.63,1300,HOLD
1781574450318,09:47:27,41.61,41.63,41.8,40.78,41.63,1524200.0,62940000.0,41.59,1500,41.58,500,41.57,21700,41.56,5400,41.55,2200,41.62,300,41.63,1300,41.66,500,41.68,100,41.69,1000,HOLD
1781574453318,09:47:30,41.63,41.63,41.8,40.78,41.63,1524800.0,62960000.0,41.62,600,41.6,400,41.59,1400,41.58,600,41.57,23300,41.63,1200,41.66,500,41.68,100,41.69,1000,41.71,100,HOLD
1781574456319,09:47:33,41.63,41.63,41.8,40.78,41.63,1531000.0,63220000.0,41.58,700,41.57,22900,41.56,5300,41.55,2200,41.54,300,41.66,300,41.68,100,41.69,1000,41.71,100,41.73,700,HOLD
1781574459320,09:47:36,41.66,41.63,41.8,40.78,41.63,1531300.0,63230000.0,41.63,100,41.62,300,41.59,200,41.58,1000,41.57,21300,41.66,500,41.68,100,41.69,1000,41.71,100,41.73,700,HOLD
1781574462321,09:47:39,41.66,41.63,41.8,40.78,41.63,1531800.0,63250000.0,41.66,1400,41.63,300,41.62,400,41.6,700,41.59,200,41.67,900,41.68,300,41.69,1000,41.71,100,41.73,700,HOLD
1781574465341,09:47:42,41.67,41.63,41.8,40.78,41.63,1532000.0,63260000.0,41.66,1600,41.63,500,41.62,400,41.6,700,41.59,200,41.67,2800,41.68,300,41.69,1000,41.71,100,41.73,700,HOLD
1781574468325,09:47:45,41.66,41.63,41.8,40.78,41.63,1534500.0,63370000.0,41.66,400,41.63,400,41.62,400,41.6,700,41.59,200,41.67,1600,41.68,300,41.69,1000,41.71,100,41.73,700,HOLD
1781574471325,09:47:48,41.67,41.63,41.8,40.78,41.63,1537500.0,63490000.0,41.63,400,41.62,400,41.6,1400,41.59,200,41.58,1300,41.66,100,41.67,500,41.68,300,41.69,1000,41.71,100,HOLD
1781574474327,09:47:51,41.66,41.63,41.8,40.78,41.63,1539500.0,63580000.0,41.64,100,41.63,400,41.62,400,41.6,1400,41.59,200,41.66,1700,41.67,1800,41.68,300,41.69,1000,41.7,1000,HOLD
1781574477327,09:47:54,41.63,41.63,41.8,40.78,41.63,1541600.0,63660000.0,41.63,100,41.62,400,41.6,1400,41.59,200,41.58,1200,41.66,200,41.67,1900,41.68,300,41.69,1000,41.7,1000,HOLD
1781574480329,09:47:57,41.67,41.63,41.8,40.78,41.63,1542300.0,63690000.0,41.63,100,41.62,400,41.6,700,41.59,200,41.58,1200,41.67,1800,41.68,500,41.7,1000,41.71,100,41.73,700,HOLD
1781574483332,09:48:00,41.67,41.63,41.8,40.78,41.63,1542300.0,63690000.0,41.63,200,41.62,400,41.6,700,41.59,200,41.58,1200,41.65,400,41.66,1200,41.67,3400,41.68,500,41.7,1000,HOLD
1781574489332,09:48:06,41.64,41.63,41.8,40.78,41.63,1546600.0,63870000.0,41.6,200,41.59,1000,41.58,1200,41.57,11500,41.56,4200,41.62,200,41.63,200,41.64,700,41.65,300,41.66,1000,HOLD
1781574492332,09:48:09,41.59,41.63,41.8,40.78,41.63,1550300.0,64020000.0,41.59,400,41.58,1100,41.57,11500,41.56,3500,41.55,2700,41.61,1100,41.62,100,41.65,900,41.66,2900,41.67,3400,HOLD
1781574495334,09:48:12,41.6,41.63,41.8,40.78,41.63,1551300.0,64070000.0,41.59,300,41.58,1100,41.57,11500,41.56,3500,41.55,2700,41.6,400,41.61,900,41.62,100,41.65,900,41.66,2900,HOLD
1781574498334,09:48:15,41.6,41.63,41.8,40.78,41.63,1551300.0,64070000.0,41.59,500,41.58,1100,41.57,11500,41.56,3500,41.55,2700,41.6,400,41.61,900,41.62,100,41.65,900,41.66,2900,HOLD
1781574501335,09:48:18,41.59,41.63,41.8,40.78,41.63,1551800.0,64090000.0,41.58,900,41.57,11500,41.56,3500,41.55,2700,41.54,800,41.59,800,41.6,500,41.61,900,41.62,100,41.65,900,HOLD
1781574504340,09:48:21,41.56,41.63,41.8,40.78,41.63,1575500.0,65070000.0,41.54,100,41.53,800,41.52,100,41.51,1300,41.5,2000,41.56,3400,41.57,600,41.58,500,41.59,1500,41.6,500,HOLD
1781574507337,09:48:24,41.57,41.63,41.8,40.78,41.63,1579500.0,65240000.0,41.53,800,41.52,100,41.51,1300,41.5,2000,41.48,1100,41.54,200,41.57,500,41.58,200,41.59,1500,41.61,600,HOLD
1781574510339,09:48:27,41.54,41.63,41.8,40.78,41.63,1579600.0,65240000.0,41.53,800,41.52,100,41.51,1300,41.5,2000,41.48,1100,41.54,100,41.57,500,41.58,200,41.59,1400,41.61,600,HOLD
1781574513340,09:48:30,41.54,41.63,41.8,40.78,41.63,1579900.0,65260000.0,41.53,800,41.52,100,41.51,1300,41.5,1500,41.48,1100,41.56,200,41.57,500,41.58,200,41.59,700,41.61,600,HOLD
1781574519341,09:48:36,41.51,41.63,41.8,40.78,41.63,1581800.0,65330000.0,41.51,900,41.5,1500,41.48,1100,41.47,100,41.46,500,41.53,100,41.55,900,41.56,300,41.57,1200,41.58,200,HOLD
1781574522342,09:48:39,41.51,41.63,41.8,40.78,41.63,1582900.0,65380000.0,41.5,1500,41.48,1100,41.47,100,41.46,500,41.45,300,41.51,3800,41.53,100,41.55,600,41.56,300,41.57,1200,HOLD
1781574525345,09:48:42,41.5,41.63,41.8,40.78,41.63,1584500.0,65450000.0,41.48,1100,41.46,500,41.45,300,41.44,100,41.43,400,41.5,700,41.51,4700,41.53,100,41.54,1000,41.55,500,HOLD
1781574528343,09:48:45,41.5,41.63,41.8,40.78,41.63,1585000.0,65470000.0,41.48,1100,41.46,500,41.45,300,41.44,100,41.43,400,41.5,800,41.51,5200,41.53,100,41.54,1000,41.55,400,HOLD
1781574531344,09:48:48,41.5,41.63,41.8,40.78,41.63,1585600.0,65490000.0,41.48,900,41.46,500,41.45,300,41.44,100,41.43,500,41.5,700,41.51,4800,41.53,100,41.54,1000,41.55,400,HOLD
1781574537361,09:48:54,41.43,41.63,41.8,40.78,41.63,1587400.0,65570000.0,41.4,2000,41.39,100,41.38,300,41.37,400,41.36,700,41.44,300,41.47,2100,41.48,18000,41.5,1700,41.51,4100,HOLD
1781574540348,09:48:57,41.4,41.63,41.8,40.78,41.63,1587800.0,65580000.0,41.4,1600,41.39,100,41.38,300,41.37,400,41.36,700,41.43,700,41.44,2400,41.47,2100,41.48,17700,41.5,1700,HOLD
1781574546350,09:49:03,41.38,41.63,41.8,40.78,41.63,1589800.0,65670000.0,41.37,400,41.36,700,41.35,400,41.34,300,41.32,600,41.38,300,41.4,800,41.41,300,41.42,100,41.43,1900,HOLD
1781574549355,09:49:06,41.43,41.63,41.8,40.78,41.63,1599700.0,66080000.0,41.37,200,41.36,800,41.35,1000,41.34,300,41.32,600,41.42,1400,41.43,10100,41.44,2400,41.48,17700,41.5,1600,HOLD
1781574552357,09:49:09,41.37,41.63,41.8,40.78,41.63,1600400.0,66110000.0,41.38,100,41.37,400,41.36,800,41.35,600,41.34,200,41.4,1000,41.42,1500,41.43,4400,41.44,1500,41.48,17700,HOLD
1781574555358,09:49:12,41.38,41.63,41.8,40.78,41.63,1600900.0,66130000.0,41.38,700,41.37,400,41.36,800,41.35,600,41.34,200,41.4,900,41.42,1200,41.43,4400,41.44,1500,41.48,17700,HOLD
1781574558358,09:49:15,41.38,41.63,41.8,40.78,41.63,1601700.0,66160000.0,41.37,400,41.36,800,41.35,600,41.34,200,41.32,600,41.4,900,41.42,1200,41.43,4100,41.44,1500,41.48,17500,HOLD
1781574561359,09:49:18,41.42,41.63,41.8,40.78,41.63,1602700.0,66200000.0,41.4,800,41.38,700,41.37,2500,41.36,800,41.35,600,41.42,1100,41.43,4100,41.44,1500,41.48,17500,41.5,2200,HOLD
1781574564366,09:49:21,41.42,41.63,41.8,40.78,41.63,1605200.0,66300000.0,41.38,300,41.37,2100,41.36,800,41.35,1200,41.34,400,41.42,700,41.43,4100,41.44,1500,41.48,17500,41.5,2200,HOLD
1781574570362,09:49:27,41.42,41.63,41.8,40.78,41.63,1606800.0,66370000.0,41.42,900,41.41,300,41.38,300,41.37,2200,41.36,1000,41.43,4100,41.44,1200,41.48,17500,41.5,2200,41.51,3600,HOLD
1781574573364,09:49:30,41.42,41.63,41.8,40.78,41.63,1609300.0,66470000.0,41.38,1800,41.37,1800,41.36,1000,41.35,1200,41.34,400,41.42,400,41.43,4000,41.44,1200,41.48,17500,41.5,2200,HOLD
1781574576364,09:49:33,41.42,41.63,41.8,40.78,41.63,1609800.0,66490000.0,41.42,2800,41.39,600,41.38,1800,41.37,2100,41.36,1000,41.43,4000,41.44,1200,41.48,17500,41.5,2200,41.51,900,HOLD
1781574579365,09:49:36,41.42,41.63,41.8,40.78,41.63,1612800.0,66620000.0,41.42,2200,41.41,300,41.39,100,41.38,1800,41.37,2100,41.43,3000,41.44,1200,41.48,17500,41.5,2200,41.51,900,HOLD
1781574582368,09:49:39,41.43,41.63,41.8,40.78,41.63,1614900.0,66710000.0,41.42,1900,41.41,300,41.4,700,41.39,100,41.38,2400,41.43,1600,41.44,1200,41.48,17500,41.5,2200,41.51,900,HOLD
1781574585368,09:49:42,41.44,41.63,41.8,40.78,41.63,1615100.0,66710000.0,41.43,1100,41.42,2100,41.41,300,41.4,700,41.39,100,41.44,1000,41.48,17500,41.5,2200,41.51,900,41.55,200,HOLD
1781574588370,09:49:45,41.44,41.63,41.8,40.78,41.63,1615800.0,66740000.0,41.43,1000,41.42,2400,41.41,300,41.4,1400,41.39,100,41.44,500,41.48,17500,41.5,2200,41.51,900,41.55,200,HOLD
1781574591371,09:49:48,41.44,41.63,41.8,40.78,41.63,1617600.0,66820000.0,41.43,900,41.42,2200,41.41,300,41.4,2100,41.39,100,41.44,100,41.48,17500,41.5,2200,41.51,900,41.55,200,HOLD
1781574594371,09:49:51,41.44,41.63,41.8,40.78,41.63,1617700.0,66820000.0,41.46,100,41.45,800,41.44,600,41.43,300,41.42,1300,41.47,300,41.48,17500,41.5,2200,41.51,900,41.55,200,HOLD
1781574597372,09:49:54,41.46,41.63,41.8,40.78,41.63,1617800.0,66830000.0,41.45,800,41.44,1200,41.43,300,41.42,1200,41.41,600,41.46,1400,41.47,300,41.48,17500,41.5,2200,41.51,900,HOLD
1781574603376,09:50:00,41.47,41.63,41.8,40.78,41.63,1620600.0,66940000.0,41.46,1300,41.45,1800,41.44,1700,41.43,300,41.42,1200,41.47,100,41.48,17500,41.5,1600,41.51,900,41.55,200,HOLD
1781574606375,09:50:03,41.47,41.63,41.8,40.78,41.63,1621200.0,66970000.0,41.47,3500,41.46,2500,41.45,1900,41.44,2400,41.43,300,41.48,17300,41.5,1600,41.51,900,41.55,200,41.56,100,HOLD
1781574609376,09:50:06,41.48,41.63,41.8,40.78,41.63,1624500.0,67100000.0,41.47,3100,41.46,2600,41.45,2100,41.44,2400,41.43,300,41.48,14400,41.5,1600,41.51,900,41.55,200,41.56,100,HOLD
1781574612378,09:50:09,41.48,41.63,41.8,40.78,41.63,1625200.0,67130000.0,41.47,2500,41.46,2500,41.45,2300,41.44,2400,41.43,400,41.48,14300,41.5,1600,41.51,900,41.55,200,41.56,100,HOLD
1781574615379,09:50:12,41.45,41.63,41.8,40.78,41.63,1632000.0,67410000.0,41.44,2400,41.43,400,41.42,1200,41.41,600,41.4,2600,41.46,600,41.47,3200,41.48,13700,41.5,1600,41.51,900,HOLD
1781574618380,09:50:15,41.44,41.63,41.8,40.78,41.63,1634000.0,67500000.0,41.44,1400,41.43,400,41.42,600,41.41,300,41.4,2600,41.46,400,41.47,3200,41.48,13700,41.5,1600,41.51,900,HOLD
1781574621380,09:50:18,41.44,41.63,41.8,40.78,41.63,1635800.0,67570000.0,41.43,200,41.42,600,41.41,300,41.4,2600,41.39,100,41.44,800,41.46,400,41.47,200,41.48,13700,41.5,1600,HOLD
1781574624386,09:50:21,41.43,41.63,41.8,40.78,41.63,1636800.0,67610000.0,41.43,200,41.42,600,41.4,4100,41.39,100,41.38,2200,41.46,400,41.48,13800,41.5,1600,41.51,900,41.55,200,HOLD
1781574627382,09:50:24,41.43,41.63,41.8,40.78,41.63,1637400.0,67640000.0,41.42,600,41.4,3400,41.39,100,41.38,2200,41.37,2000,41.43,6300,41.46,300,41.48,13800,41.5,1600,41.51,900,HOLD
1781574630384,09:50:27,41.43,41.63,41.8,40.78,41.63,1642700.0,67860000.0,41.42,600,41.4,3400,41.39,100,41.38,2200,41.37,2000,41.43,2500,41.46,300,41.48,13800,41.5,1600,41.51,900,HOLD
1781574633405,09:50:30,41.43,41.63,41.8,40.78,41.63,1645500.0,67970000.0,41.43,1500,41.42,700,41.4,3900,41.39,400,41.38,2200,41.46,300,41.48,13800,41.5,1700,41.51,900,41.55,200,HOLD
1781574636384,09:50:33,41.43,41.63,41.8,40.78,41.63,1645500.0,67970000.0,41.44,300,41.43,1700,41.42,700,41.4,3900,41.39,400,41.46,300,41.48,13800,41.5,1700,41.51,900,41.55,200,HOLD
1781574639385,09:50:36,41.43,41.63,41.8,40.78,41.63,1645500.0,67970000.0,41.44,700,41.43,1700,41.42,700,41.4,3900,41.39,400,41.46,300,41.48,13800,41.5,1700,41.51,900,41.55,200,HOLD
1781574642386,09:50:39,41.43,41.63,41.8,40.78,41.63,1645500.0,67970000.0,41.44,700,41.43,1700,41.42,700,41.4,3900,41.39,400,41.46,300,41.48,13800,41.5,1900,41.51,900,41.55,200,HOLD
1781574645388,09:50:42,41.44,41.63,41.8,40.78,41.63,1646200.0,68000000.0,41.43,1700,41.42,700,41.4,3900,41.39,400,41.38,2200,41.44,600,41.46,300,41.48,13800,41.5,1900,41.51,900,HOLD
1781574648387,09:50:45,41.45,41.63,41.8,40.78,41.63,1647400.0,68050000.0,41.45,500,41.43,1500,41.42,1600,41.4,4500,41.39,100,41.46,300,41.48,13800,41.5,1900,41.51,900,41.55,200,HOLD
1781574651388,09:50:48,41.45,41.63,41.8,40.78,41.63,1647400.0,68050000.0,41.45,500,41.43,1500,41.42,1600,41.4,4500,41.39,100,41.46,400,41.48,13800,41.5,1900,41.51,900,41.55,200,HOLD
1781574657390,09:50:54,41.4,41.63,41.8,40.78,41.63,1654200.0,68330000.0,41.4,1600,41.39,100,41.38,2100,41.37,2000,41.36,1600,41.42,1300,41.43,1500,41.44,1200,41.45,1600,41.46,600,HOLD
1781574660392,09:50:57,41.39,41.63,41.8,40.78,41.63,1658800.0,68520000.0,41.38,2100,41.37,2000,41.36,900,41.34,400,41.33,500,41.41,600,41.42,300,41.43,500,41.44,200,41.45,1600,HOLD
1781574663393,09:51:00,41.41,41.63,41.8,40.78,41.63,1660500.0,68600000.0,41.38,2100,41.37,2000,41.36,900,41.34,400,41.33,500,41.41,400,41.42,300,41.43,500,41.44,200,41.45,1800,HOLD
1781574666393,09:51:03,41.38,41.63,41.8,40.78,41.63,1661100.0,68620000.0,41.4,400,41.38,1900,41.37,2000,41.36,900,41.34,500,41.41,400,41.42,300,41.43,500,41.44,200,41.45,1800,HOLD
1781574669394,09:51:06,41.4,41.63,41.8,40.78,41.63,1661200.0,68620000.0,41.4,700,41.39,400,41.38,1900,41.37,2000,41.36,1400,41.41,500,41.43,500,41.44,200,41.45,1800,41.46,500,HOLD
1781574672394,09:51:09,41.41,41.63,41.8,40.78,41.63,1661900.0,68650000.0,41.42,800,41.41,3400,41.4,700,41.39,1600,41.38,1900,41.43,500,41.44,200,41.45,1800,41.46,500,41.48,13700,HOLD
1781574675397,09:51:12,41.43,41.63,41.8,40.78,41.63,1662400.0,68670000.0,41.43,100,41.42,2900,41.41,3400,41.4,700,41.39,2100,41.44,300,41.45,1800,41.46,500,41.48,13700,41.5,1900,HOLD
1781574678398,09:51:15,41.44,41.63,41.8,40.78,41.63,1662700.0,68690000.0,41.44,300,41.43,600,41.42,3000,41.41,3900,41.4,1400,41.45,1800,41.46,500,41.48,13700,41.5,1900,41.51,900,HOLD
1781574681400,09:51:18,41.46,41.63,41.8,40.78,41.63,1664800.0,68770000.0,41.45,1600,41.44,1500,41.43,600,41.42,3000,41.41,3900,41.46,200,41.48,13700,41.5,1900,41.51,900,41.55,300,HOLD
1781574684405,09:51:21,41.46,41.63,41.8,40.78,41.63,1665000.0,68780000.0,41.47,300,41.46,100,41.45,2200,41.44,1500,41.43,600,41.48,13700,41.5,1900,41.51,900,41.55,200,41.58,100,HOLD
1781574687402,09:51:24,41.48,41.63,41.8,40.78,41.63,1667600.0,68890000.0,41.47,1500,41.46,500,41.45,1300,41.44,500,41.43,1200,41.48,11700,41.5,1900,41.51,900,41.55,200,41.58,100,HOLD
1781574693406,09:51:30,41.5,41.63,41.8,40.78,41.63,1681300.0,69460000.0,41.5,3900,41.47,800,41.46,500,41.45,1100,41.44,1200,41.51,900,41.55,200,41.58,100,41.59,200,41.6,1100,HOLD
1781574696407,09:51:33,41.5,41.63,41.8,40.78,41.63,1681400.0,69460000.0,41.5,3800,41.48,200,41.47,1500,41.46,500,41.45,1100,41.51,1000,41.55,200,41.58,100,41.59,200,41.6,1100,HOLD
1781574699409,09:51:36,41.5,41.63,41.8,40.78,41.63,1682600.0,69510000.0,41.5,3800,41.48,100,41.47,1200,41.46,500,41.45,1000,41.51,100,41.54,2200,41.55,1400,41.58,100,41.59,200,HOLD
1781574702411,09:51:39,41.5,41.63,41.8,40.78,41.63,1689400.0,69790000.0,41.48,700,41.47,1200,41.46,500,41.45,1000,41.44,900,41.5,300,41.54,2200,41.55,1400,41.58,100,41.59,200,HOLD
1781574705414,09:51:42,41.5,41.63,41.8,40.78,41.63,1691200.0,69870000.0,41.47,1100,41.46,500,41.45,1000,41.44,100,41.43,500,41.5,1900,41.54,200,41.55,600,41.58,100,41.59,200,HOLD
1781574708414,09:51:45,41.47,41.63,41.8,40.78,41.63,1692700.0,69930000.0,41.47,200,41.46,500,41.45,1000,41.44,100,41.43,500,41.49,200,41.5,3000,41.54,200,41.55,600,41.58,100,HOLD
1781574711413,09:51:48,41.45,41.63,41.8,40.78,41.63,1694700.0,70010000.0,41.44,100,41.43,500,41.42,1500,41.41,1000,41.4,1000,41.45,400,41.46,100,41.47,100,41.48,100,41.49,500,HOLD
1781574714416,09:51:51,41.45,41.63,41.8,40.78,41.63,1694800.0,70020000.0,41.44,1400,41.43,500,41.42,1500,41.41,1000,41.4,1000,41.45,300,41.47,100,41.48,100,41.49,500,41.5,3300,HOLD
1781574717416,09:51:54,41.44,41.63,41.8,40.78,41.63,1695800.0,70060000.0,41.44,2100,41.43,500,41.42,1500,41.41,1000,41.4,1000,41.48,100,41.49,500,41.5,3300,41.54,200,41.55,600,HOLD
1781574720419,09:51:57,41.44,41.63,41.8,40.78,41.63,1698300.0,70160000.0,41.46,400,41.45,500,41.44,300,41.43,500,41.42,1500,41.49,300,41.5,3300,41.54,200,41.55,600,41.58,100,HOLD
1781574723420,09:52:00,41.49,41.63,41.8,40.78,41.63,1700400.0,70250000.0,41.49,200,41.46,500,41.45,2000,41.44,100,41.43,500,41.5,2800,41.54,200,41.55,600,41.58,100,41.59,200,HOLD
1781574726422,09:52:03,41.49,41.63,41.8,40.78,41.63,1700600.0,70260000.0,41.46,400,41.45,2200,41.43,500,41.42,1500,41.41,1000,41.49,500,41.5,2800,41.54,200,41.55,600,41.58,100,HOLD
1781574729423,09:52:06,41.5,41.63,41.8,40.78,41.63,1701700.0,70300000.0,41.46,1800,41.45,2200,41.44,200,41.43,500,41.42,1500,41.5,2200,41.51,500,41.54,200,41.55,600,41.58,100,HOLD
1781574732424,09:52:09,41.47,41.63,41.8,40.78,41.63,1702100.0,70320000.0,41.46,1800,41.45,2200,41.44,200,41.43,500,41.42,2000,41.5,2800,41.51,500,41.54,200,41.55,600,41.58,100,HOLD
1781574735425,09:52:12,41.47,41.63,41.8,40.78,41.63,1702100.0,70320000.0,41.46,2000,41.45,2200,41.44,200,41.43,500,41.42,2000,41.5,2800,41.51,500,41.54,200,41.55,600,41.58,100,HOLD
1781574738427,09:52:15,41.47,41.63,41.8,40.78,41.63,1702100.0,70320000.0,41.49,2000,41.46,2500,41.45,2600,41.44,200,41.43,500,41.5,2800,41.51,500,41.54,200,41.55,600,41.58,100,HOLD
1781574741428,09:52:18,41.5,41.63,41.8,40.78,41.63,1702900.0,70350000.0,41.49,2000,41.47,100,41.46,2500,41.45,2600,41.44,200,41.5,10400,41.51,500,41.54,200,41.55,600,41.58,100,HOLD
1781574744433,09:52:21,41.5,41.63,41.8,40.78,41.63,1703500.0,70380000.0,41.49,1900,41.48,200,41.47,100,41.46,3000,41.45,2600,41.5,9900,41.51,500,41.54,200,41.55,600,41.58,100,HOLD
1781574747430,09:52:24,41.49,41.63,41.8,40.78,41.63,1704400.0,70420000.0,41.49,1700,41.48,200,41.47,100,41.46,3200,41.45,2600,41.5,9300,41.51,500,41.54,200,41.55,600,41.58,100,HOLD
1781574750433,09:52:27,41.49,41.63,41.8,40.78,41.63,1705200.0,70450000.0,41.49,1400,41.48,200,41.47,100,41.46,2900,41.45,2800,41.5,9000,41.51,500,41.54,200,41.55,600,41.58,100,HOLD
1781574753434,09:52:30,41.47,41.63,41.8,40.78,41.63,1707300.0,70540000.0,41.47,900,41.46,2600,41.45,2800,41.44,200,41.43,500,41.48,900,41.49,1500,41.5,9000,41.51,500,41.54,200,HOLD
1781574756435,09:52:33,41.47,41.63,41.8,40.78,41.63,1707700.0,70550000.0,41.47,600,41.46,2600,41.45,2800,41.44,200,41.43,500,41.48,900,41.49,1500,41.5,9000,41.51,500,41.54,200,HOLD
1781574759437,09:52:36,41.47,41.63,41.8,40.78,41.63,1707700.0,70550000.0,41.47,4300,41.46,2600,41.45,2800,41.44,200,41.43,500,41.48,900,41.49,1500,41.5,9000,41.51,500,41.54,200,HOLD
1781574762437,09:52:39,41.48,41.63,41.8,40.78,41.63,1708600.0,70590000.0,41.48,100,41.47,4500,41.46,2600,41.45,2800,41.44,200,41.49,1500,41.5,9000,41.51,500,41.54,200,41.55,600,HOLD
1781574765437,09:52:42,41.48,41.63,41.8,40.78,41.63,1709300.0,70620000.0,41.48,1400,41.47,4500,41.46,2600,41.45,2800,41.44,200,41.49,1200,41.5,9000,41.51,500,41.54,200,41.55,600,HOLD
1781574768438,09:52:45,41.49,41.63,41.8,40.78,41.63,1709400.0,70620000.0,41.48,1900,41.47,4600,41.46,2600,41.45,2800,41.44,800,41.49,1100,41.5,9000,41.51,500,41.54,200,41.55,600,HOLD
1781574771439,09:52:48,41.48,41.63,41.8,40.78,41.63,1709600.0,70630000.0,41.48,1800,41.47,4600,41.46,2600,41.45,2800,41.44,800,41.49,1100,41.5,9000,41.51,500,41.54,200,41.55,600,HOLD
1781574774440,09:52:51,41.48,41.63,41.8,40.78,41.63,1710500.0,70670000.0,41.48,1500,41.47,4600,41.46,2600,41.45,2800,41.44,900,41.49,500,41.5,9100,41.51,500,41.54,200,41.55,600,HOLD
1781574777442,09:52:54,41.47,41.63,41.8,40.78,41.63,1716600.0,70920000.0,41.46,2600,41.45,2800,41.44,900,41.43,500,41.42,2500,41.48,2500,41.49,2700,41.5,9100,41.51,500,41.54,200,HOLD
1781574780443,09:52:57,41.46,41.63,41.8,40.78,41.63,1719300.0,71030000.0,41.45,2800,41.44,400,41.43,500,41.42,2500,41.41,1500,41.46,1200,41.47,600,41.48,5600,41.49,5500,41.5,9100,HOLD
1781574786443,09:53:03,41.45,41.63,41.8,40.78,41.63,1721000.0,71100000.0,41.45,2200,41.44,400,41.43,500,41.42,2500,41.41,1500,41.46,700,41.47,600,41.48,5500,41.49,5000,41.5,9100,HOLD
1781574789445,09:53:06,41.46,41.63,41.8,40.78,41.63,1721500.0,71130000.0,41.45,2300,41.44,400,41.43,500,41.42,2500,41.41,1100,41.46,200,41.47,600,41.48,5500,41.49,5000,41.5,9100,HOLD
1781574792445,09:53:09,41.46,41.63,41.8,40.78,41.63,1721800.0,71140000.0,41.46,600,41.45,1800,41.44,400,41.43,1000,41.42,2500,41.47,600,41.48,5500,41.49,5000,41.5,9000,41.51,500,HOLD
1781574795447,09:53:12,41.48,41.63,41.8,40.78,41.63,1724000.0,71230000.0,41.46,500,41.45,2200,41.44,1400,41.43,1000,41.42,2500,41.48,4100,41.49,5000,41.5,9600,41.51,500,41.54,200,HOLD
1781574798447,09:53:15,41.48,41.63,41.8,40.78,41.63,1724500.0,71250000.0,41.47,500,41.46,100,41.45,2200,41.44,1400,41.43,1000,41.48,3600,41.49,5000,41.5,9600,41.51,500,41.54,200,HOLD
1781574801449,09:53:18,41.48,41.63,41.8,40.78,41.63,1725500.0,71290000.0,41.47,500,41.46,100,41.45,2500,41.44,1400,41.43,1000,41.48,2600,41.49,5000,41.5,9600,41.51,500,41.54,200,HOLD
1781574804452,09:53:21,41.48,41.63,41.8,40.78,41.63,1726300.0,71320000.0,41.47,600,41.46,300,41.45,2500,41.44,1400,41.43,1000,41.48,1800,41.49,5000,41.5,9600,41.51,500,41.54,200,HOLD
1781574810443,09:53:24,41.49,41.63,41.8,40.78,41.63,1728500.0,71420000.0,41.48,1500,41.47,600,41.46,300,41.45,2500,41.44,2100,41.49,4600,41.5,9700,41.51,500,41.54,200,41.55,1400,HOLD
1781574813443,09:53:30,41.46,41.63,41.8,40.78,41.63,1732200.0,71570000.0,41.45,2500,41.44,1400,41.43,500,41.42,2500,41.41,1100,41.46,3200,41.49,4300,41.5,9700,41.54,200,41.55,1400,HOLD
1781574816445,09:53:33,41.46,41.63,41.8,40.78,41.63,1737000.0,71770000.0,41.44,1400,41.43,500,41.42,2500,41.41,1100,41.4,1000,41.46,900,41.49,4300,41.5,9800,41.54,200,41.55,1400,HOLD
1781574819446,09:53:36,41.46,41.63,41.8,40.78,41.63,1737000.0,71770000.0,41.44,1400,41.43,500,41.42,2500,41.41,500,41.4,1000,41.45,500,41.48,1100,41.49,4300,41.5,9800,41.54,200,HOLD
1781574822446,09:53:39,41.44,41.63,41.8,40.78,41.63,1737100.0,71770000.0,41.44,1500,41.43,500,41.42,2500,41.41,500,41.4,1000,41.45,500,41.48,1100,41.49,4300,41.5,9800,41.54,200,HOLD
1781574828448,09:53:45,41.45,41.63,41.8,40.78,41.63,1737700.0,71800000.0,41.45,600,41.44,1600,41.43,2500,41.42,2700,41.41,500,41.48,1100,41.49,4300,41.5,9800,41.54,200,41.55,1400,HOLD
1781574831450,09:53:48,41.45,41.63,41.8,40.78,41.63,1738200.0,71820000.0,41.45,100,41.44,2300,41.43,2500,41.42,2700,41.41,500,41.48,1100,41.49,4300,41.5,10000,41.54,200,41.55,1400,HOLD
1781574834452,09:53:51,41.45,41.63,41.8,40.78,41.63,1738300.0,71820000.0,41.44,2300,41.43,2500,41.42,2700,41.41,500,41.4,1300,41.45,1500,41.48,1100,41.49,4300,41.5,10000,41.54,200,HOLD
1781574837451,09:53:54,41.44,41.63,41.8,40.78,41.63,1740100.0,71900000.0,41.44,500,41.43,2500,41.42,2700,41.41,500,41.4,1300,41.45,1300,41.48,1100,41.49,4300,41.5,9900,41.54,200,HOLD
1781574840452,09:53:57,41.44,41.63,41.8,40.78,41.63,1741100.0,71940000.0,41.43,2500,41.42,2700,41.41,500,41.4,1400,41.39,500,41.44,100,41.45,1300,41.48,1100,41.49,4300,41.5,9900,HOLD
1781574843452,09:54:00,41.42,41.63,41.8,40.78,41.63,1747100.0,72190000.0,41.41,200,41.4,700,41.39,500,41.38,2000,41.37,1700,41.42,700,41.43,500,41.44,100,41.45,1300,41.48,2500,HOLD
1781574846454,09:54:03,41.4,41.63,41.8,40.78,41.63,1747900.0,72220000.0,41.4,100,41.39,100,41.38,1100,41.37,1700,41.36,1600,41.41,2600,41.42,1000,41.43,500,41.44,200,41.45,1300,HOLD
1781574849457,09:54:06,41.4,41.63,41.8,40.78,41.63,1748000.0,72220000.0,41.39,100,41.38,1100,41.37,1700,41.36,1600,41.35,100,41.4,500,41.41,2600,41.42,1000,41.43,600,41.44,100,HOLD
1781574852457,09:54:09,41.39,41.63,41.8,40.78,41.63,1748100.0,72230000.0,41.38,1100,41.37,1700,41.36,1600,41.35,100,41.34,1400,41.39,1400,41.4,800,41.41,2400,41.42,1000,41.43,600,HOLD
1781574855459,09:54:12,41.38,41.63,41.8,40.78,41.63,1748900.0,72260000.0,41.38,300,41.37,1700,41.36,1600,41.35,100,41.34,1400,41.39,2300,41.4,700,41.41,2400,41.42,1000,41.43,600,HOLD
1781574858458,09:54:15,41.38,41.63,41.8,40.78,41.63,1749100.0,72270000.0,41.38,100,41.37,1700,41.36,1600,41.35,600,41.34,1400,41.39,2500,41.4,500,41.41,2400,41.43,600,41.45,500,HOLD
1781574861459,09:54:18,41.39,41.63,41.8,40.78,41.63,1750900.0,72340000.0,41.38,100,41.37,1700,41.36,1600,41.35,600,41.34,1400,41.39,800,41.4,500,41.41,1900,41.43,600,41.45,500,HOLD
1781574864465,09:54:21,41.39,41.63,41.8,40.78,41.63,1751100.0,72350000.0,41.38,100,41.37,1700,41.36,1600,41.35,600,41.34,1400,41.39,1700,41.4,500,41.41,1900,41.43,600,41.45,500,HOLD
1781574867461,09:54:24,41.38,41.63,41.8,40.78,41.63,1752600.0,72410000.0,41.37,1700,41.36,1600,41.35,600,41.34,1400,41.33,500,41.38,2000,41.39,1700,41.4,500,41.41,1900,41.43,600,HOLD
1781574870463,09:54:27,41.37,41.63,41.8,40.78,41.63,1756300.0,72570000.0,41.37,700,41.36,1600,41.35,1200,41.34,1000,41.33,500,41.38,100,41.39,1100,41.4,500,41.41,1900,41.43,600,HOLD
1781574873463,09:54:30,41.39,41.63,41.8,40.78,41.63,1758000.0,72640000.0,41.39,600,41.38,1500,41.37,1300,41.36,1600,41.35,1200,41.4,500,41.41,1900,41.43,300,41.45,500,41.48,2500,HOLD
1781574876463,09:54:33,41.43,41.63,41.8,40.78,41.63,1760800.0,72750000.0,41.42,1600,41.41,1600,41.4,900,41.38,1100,41.37,1100,41.43,100,41.45,500,41.48,2500,41.5,9700,41.54,200,HOLD
1781574879463,09:54:36,41.43,41.63,41.8,40.78,41.63,1761600.0,72790000.0,41.42,1600,41.4,900,41.38,1100,41.37,1200,41.36,3000,41.45,500,41.48,2500,41.5,9700,41.54,200,41.55,1200,HOLD
1781574882464,09:54:39,41.4,41.63,41.8,40.78,41.63,1763500.0,72870000.0,41.4,600,41.38,1600,41.37,1500,41.36,3000,41.35,100,41.43,4100,41.44,300,41.45,500,41.48,2500,41.5,9700,HOLD
1781574885468,09:54:42,41.43,41.63,41.8,40.78,41.63,1764200.0,72890000.0,41.4,300,41.38,1600,41.37,1500,41.36,2300,41.35,100,41.43,4000,41.44,300,41.45,500,41.48,2500,41.5,9700,HOLD
1781574888467,09:54:45,41.4,41.63,41.8,40.78,41.63,1764500.0,72910000.0,41.38,1600,41.37,1500,41.36,2300,41.35,100,41.34,1000,41.4,200,41.41,600,41.42,200,41.43,4100,41.44,300,HOLD
1781574891467,09:54:48,41.38,41.63,41.8,40.78,41.63,1767200.0,73020000.0,41.38,800,41.37,1500,41.36,2300,41.35,100,41.34,1000,41.4,700,41.41,600,41.42,200,41.43,4100,41.44,300,HOLD
1781574894469,09:54:51,41.4,41.63,41.8,40.78,41.63,1767900.0,73050000.0,41.38,500,41.37,1500,41.36,2300,41.35,100,41.34,1000,41.4,300,41.41,600,41.42,200,41.43,4100,41.44,300,HOLD
1781574897469,09:54:54,41.36,41.63,41.8,40.78,41.63,1777400.0,73440000.0,41.35,600,41.34,400,41.33,500,41.32,600,41.31,700,41.36,600,41.38,500,41.4,400,41.41,600,41.43,4100,HOLD
1781574900470,09:54:57,41.36,41.63,41.8,40.78,41.63,1778500.0,73490000.0,41.37,2800,41.35,100,41.34,400,41.33,500,41.32,600,41.38,900,41.4,400,41.41,600,41.43,4100,41.44,300,HOLD
1781574903471,09:55:00,41.34,41.63,41.8,40.78,41.63,1781900.0,73630000.0,41.33,500,41.32,600,41.31,700,41.3,6400,41.29,500,41.34,200,41.35,300,41.36,100,41.37,400,41.38,700,HOLD
1781574906473,09:55:03,41.33,41.63,41.8,40.78,41.63,1782500.0,73650000.0,41.32,600,41.31,700,41.3,6400,41.29,500,41.28,1300,41.33,300,41.34,200,41.35,300,41.36,100,41.37,400,HOLD
1781574909473,09:55:06,41.33,41.63,41.8,40.78,41.63,1782800.0,73660000.0,41.32,1200,41.31,700,41.3,6400,41.29,500,41.28,1300,41.33,200,41.34,200,41.35,300,41.36,100,41.37,200,HOLD
1781574912474,09:55:09,41.4,41.63,41.8,40.78,41.63,1784800.0,73750000.0,41.33,100,41.32,1400,41.31,700,41.3,6200,41.28,2000,41.4,3300,41.41,600,41.43,5500,41.44,300,41.45,600,HOLD
1781574915475,09:55:12,41.34,41.63,41.8,40.78,41.63,1794500.0,74150000.0,41.36,200,41.35,100,41.34,100,41.33,2400,41.32,6600,41.4,2500,41.41,600,41.43,5500,41.44,300,41.45,600,HOLD
1781574918474,09:55:15,41.34,41.63,41.8,40.78,41.63,1794500.0,74150000.0,41.36,500,41.35,100,41.34,300,41.33,2700,41.32,6300,41.4,4700,41.41,600,41.43,5500,41.44,300,41.45,600,HOLD
1781574921477,09:55:18,41.4,41.63,41.8,40.78,41.63,1796100.0,74210000.0,41.37,200,41.36,200,41.35,100,41.34,300,41.33,2700,41.4,3600,41.41,600,41.43,5500,41.44,300,41.45,500,HOLD
1781574924482,09:55:21,41.37,41.63,41.8,40.78,41.63,1796500.0,74230000.0,41.36,200,41.35,100,41.34,300,41.33,2600,41.32,6300,41.37,100,41.39,1000,41.4,3600,41.41,600,41.43,5500,HOLD
1781574927480,09:55:24,41.37,41.63,41.8,40.78,41.63,1796700.0,74240000.0,41.36,200,41.35,100,41.34,300,41.33,2600,41.32,6300,41.39,1000,41.4,3600,41.41,600,41.43,5500,41.44,300,HOLD
1781574930480,09:55:27,41.36,41.63,41.8,40.78,41.63,1796900.0,74250000.0,41.35,300,41.34,300,41.33,2600,41.32,6300,41.31,700,41.36,200,41.39,1500,41.4,3600,41.41,600,41.43,5500,HOLD
1781574933508,09:55:30,41.39,41.63,41.8,40.78,41.63,1797600.0,74280000.0,41.34,300,41.33,2600,41.32,6200,41.31,700,41.3,7100,41.36,300,41.39,1900,41.4,3600,41.41,600,41.43,5500,HOLD
1781574936481,09:55:33,41.36,41.63,41.8,40.78,41.63,1798000.0,74290000.0,41.37,3500,41.34,600,41.33,2300,41.32,6900,41.31,700,41.39,1400,41.4,3600,41.41,600,41.43,5500,41.44,300,HOLD
1781574939481,09:55:36,41.32,41.63,41.8,40.78,41.63,1803600.0,74520000.0,41.32,700,41.31,2200,41.3,7700,41.28,1700,41.27,3300,41.34,100,41.38,1800,41.39,1100,41.4,1800,41.41,600,HOLD
1781574942481,09:55:39,41.38,41.63,41.8,40.78,41.63,1803800.0,74530000.0,41.33,500,41.32,700,41.31,2200,41.3,7700,41.28,1700,41.37,1600,41.38,600,41.39,1000,41.4,1800,41.41,600,HOLD
1781574945485,09:55:42,41.33,41.63,41.8,40.78,41.63,1804600.0,74560000.0,41.32,700,41.31,2200,41.3,7700,41.28,1700,41.27,3300,41.33,200,41.36,2400,41.37,500,41.38,600,41.39,1000,HOLD
1781574948485,09:55:45,41.32,41.63,41.8,40.78,41.63,1805200.0,74590000.0,41.31,2200,41.3,7200,41.28,1700,41.27,3300,41.25,300,41.32,200,41.33,200,41.36,2400,41.37,500,41.38,600,HOLD
1781574951487,09:55:48,41.3,41.63,41.8,40.78,41.63,1808300.0,74720000.0,41.3,7200,41.28,1700,41.27,3300,41.25,300,41.24,1500,41.31,400,41.32,1700,41.33,1000,41.36,2400,41.37,500,HOLD
1781574954488,09:55:51,41.3,41.63,41.8,40.78,41.63,1809400.0,74760000.0,41.3,6200,41.28,1700,41.27,3300,41.25,300,41.24,1500,41.31,300,41.32,2200,41.33,1000,41.36,2400,41.37,500,HOLD
1781574957488,09:55:54,41.3,41.63,41.8,40.78,41.63,1816000.0,75040000.0,41.28,1700,41.27,3300,41.25,300,41.24,1500,41.22,600,41.3,1100,41.31,300,41.32,1600,41.33,1000,41.36,2300,HOLD
1781574960490,09:55:57,41.28,41.63,41.8,40.78,41.63,1816400.0,75050000.0,41.28,1800,41.27,3300,41.25,300,41.24,1500,41.22,600,41.3,2100,41.31,300,41.32,1600,41.33,1000,41.36,2300,HOLD
1781574963491,09:56:00,41.31,41.63,41.8,40.78,41.63,1821600.0,75270000.0,41.27,2100,41.25,300,41.24,1500,41.22,600,41.21,1400,41.31,5000,41.32,1600,41.33,1000,41.36,2300,41.37,500,HOLD
1781574966491,09:56:03,41.31,41.63,41.8,40.78,41.63,1821600.0,75270000.0,41.27,2300,41.26,100,41.25,300,41.24,500,41.22,600,41.31,5000,41.32,1600,41.33,1000,41.36,2300,41.37,500,HOLD
1781574969493,09:56:06,41.3,41.63,41.8,40.78,41.63,1821700.0,75270000.0,41.28,500,41.27,2300,41.26,100,41.25,300,41.24,500,41.3,400,41.31,5100,41.32,1100,41.33,200,41.36,2300,HOLD
1781574975495,09:56:12,41.31,41.63,41.8,40.78,41.63,1826200.0,75460000.0,41.3,400,41.29,600,41.28,1600,41.27,2900,41.26,1500,41.31,1400,41.32,1100,41.33,200,41.35,200,41.36,1100,HOLD
1781574978496,09:56:15,41.33,41.63,41.8,40.78,41.63,1828900.0,75570000.0,41.3,300,41.29,100,41.28,1600,41.27,2900,41.26,2000,41.35,200,41.36,1100,41.37,500,41.38,600,41.39,1600,HOLD
1781574981500,09:56:18,41.3,41.63,41.8,40.78,41.63,1829000.0,75570000.0,41.3,200,41.29,100,41.28,1600,41.27,2300,41.26,2000,41.34,900,41.35,4100,41.36,1100,41.37,500,41.38,600,HOLD
1781574984503,09:56:21,41.3,41.63,41.8,40.78,41.63,1829100.0,75580000.0,41.3,100,41.29,100,41.28,1600,41.27,2300,41.26,2200,41.33,900,41.34,900,41.35,16800,41.36,1100,41.37,500,HOLD
1781574987499,09:56:24,41.31,41.63,41.8,40.78,41.63,1837800.0,75940000.0,41.31,300,41.3,600,41.29,100,41.28,1600,41.27,2200,41.35,10800,41.36,1100,41.37,500,41.38,600,41.39,1700,HOLD
1781574990502,09:56:27,41.33,41.63,41.8,40.78,41.63,1838900.0,75980000.0,41.31,200,41.29,400,41.28,1600,41.27,2600,41.26,1800,41.35,10800,41.36,1100,41.37,500,41.38,600,41.39,1700,HOLD
1781574993503,09:56:30,41.3,41.63,41.8,40.78,41.63,1840900.0,76060000.0,41.32,400,41.31,1200,41.3,2900,41.29,400,41.28,1600,41.35,10800,41.36,900,41.37,500,41.38,200,41.39,1700,HOLD
1781574996505,09:56:33,41.35,41.63,41.8,40.78,41.63,1841100.0,76070000.0,41.34,200,41.33,100,41.32,400,41.31,1200,41.3,1000,41.35,10600,41.36,900,41.37,500,41.38,200,41.39,1700,HOLD
1781574999506,09:56:36,41.35,41.63,41.8,40.78,41.63,1841100.0,76070000.0,41.33,100,41.32,1400,41.31,1400,41.3,900,41.29,600,41.36,900,41.37,300,41.38,200,41.39,1700,41.4,1900,HOLD
1781575002507,09:56:39,41.4,41.63,41.8,40.78,41.63,1843900.0,76190000.0,41.39,100,41.37,1000,41.36,2400,41.35,17300,41.34,300,41.4,1800,41.41,600,41.43,100,41.44,300,41.45,1900,HOLD
1781575005510,09:56:42,41.4,41.63,41.8,40.78,41.63,1846200.0,76280000.0,41.39,200,41.37,1000,41.36,2900,41.35,17300,41.34,300,41.4,500,41.41,600,41.43,100,41.44,300,41.45,1900,HOLD
1781575008510,09:56:45,41.5,41.63,41.8,40.78,41.63,1858600.0,76800000.0,41.47,400,41.45,100,41.44,700,41.43,2400,41.4,200,41.5,400,41.54,200,41.55,1200,41.58,100,41.59,200,HOLD
1781575011511,09:56:48,41.55,41.63,41.8,40.78,41.63,1859800.0,76850000.0,41.48,100,41.45,100,41.44,700,41.43,2400,41.4,200,41.55,600,41.58,100,41.59,200,41.6,1700,41.61,600,HOLD
1781575014513,09:56:51,41.55,41.63,41.8,40.78,41.63,1860400.0,76870000.0,41.5,100,41.49,1100,41.48,400,41.45,100,41.44,700,41.55,1000,41.58,100,41.59,200,41.6,1700,41.61,600,HOLD
1781575017512,09:56:54,41.55,41.63,41.8,40.78,41.63,1862400.0,76960000.0,41.55,900,41.51,300,41.5,100,41.49,1100,41.48,400,41.58,2500,41.59,200,41.6,1700,41.61,600,41.62,300,HOLD
1781575020515,09:56:57,41.55,41.63,41.8,40.78,41.63,1863100.0,76980000.0,41.55,500,41.51,1000,41.5,400,41.49,1100,41.48,400,41.58,2500,41.59,200,41.6,1700,41.61,600,41.62,300,HOLD
1781575023517,09:57:00,41.58,41.63,41.8,40.78,41.63,1865000.0,77060000.0,41.56,200,41.55,900,41.53,400,41.51,600,41.5,100,41.58,1500,41.59,200,41.6,1700,41.61,600,41.62,300,HOLD
1781575026516,09:57:03,41.58,41.63,41.8,40.78,41.63,1865000.0,77060000.0,41.56,300,41.55,900,41.53,400,41.51,600,41.5,100,41.58,1500,41.59,200,41.6,1700,41.61,600,41.62,300,HOLD
1781575029519,09:57:06,41.56,41.63,41.8,40.78,41.63,1865800.0,77100000.0,41.55,800,41.53,400,41.51,600,41.5,100,41.49,100,41.56,600,41.57,100,41.58,1900,41.59,200,41.6,1700,HOLD
1781575032520,09:57:09,41.55,41.63,41.8,40.78,41.63,1866300.0,77120000.0,41.55,300,41.54,300,41.5,100,41.49,100,41.48,300,41.56,1500,41.57,100,41.58,1900,41.59,200,41.6,1700,HOLD
1781575035521,09:57:12,41.54,41.63,41.8,40.78,41.63,1867200.0,77160000.0,41.45,100,41.43,600,41.41,100,41.4,700,41.39,200,41.51,100,41.52,1200,41.53,100,41.54,1600,41.55,2400,HOLD
1781575038522,09:57:15,41.5,41.63,41.8,40.78,41.63,1867600.0,77170000.0,41.46,1100,41.45,100,41.43,600,41.41,100,41.4,500,41.5,600,41.51,100,41.52,1200,41.53,100,41.54,700,HOLD
1781575041523,09:57:18,41.5,41.63,41.8,40.78,41.63,1867700.0,77180000.0,41.47,400,41.46,1100,41.45,100,41.43,600,41.41,100,41.48,100,41.49,100,41.5,500,41.51,100,41.52,600,HOLD
1781575044528,09:57:21,41.48,41.63,41.8,40.78,41.63,1868400.0,77210000.0,41.48,1100,41.47,1100,41.46,1200,41.45,100,41.4,500,41.49,200,41.5,100,41.51,100,41.52,100,41.53,100,HOLD
1781575047525,09:57:24,41.49,41.63,41.8,40.78,41.63,1868600.0,77210000.0,41.49,200,41.48,4300,41.47,1100,41.46,1200,41.45,100,41.5,200,41.53,100,41.54,700,41.55,4100,41.56,800,HOLD
1781575050528,09:57:27,41.5,41.63,41.8,40.78,41.63,1869400.0,77250000.0,41.5,300,41.49,200,41.48,5400,41.47,2300,41.46,1200,41.53,100,41.55,4100,41.56,800,41.57,100,41.58,1900,HOLD
1781575053529,09:57:30,41.5,41.63,41.8,40.78,41.63,1869400.0,77250000.0,41.51,400,41.5,300,41.49,200,41.48,2200,41.47,2400,41.53,100,41.55,3800,41.56,900,41.57,100,41.58,1900,HOLD
1781575056531,09:57:33,41.53,41.63,41.8,40.78,41.63,1870000.0,77270000.0,41.53,100,41.51,500,41.5,600,41.49,200,41.48,2200,41.54,1500,41.55,3800,41.56,800,41.57,100,41.58,500,HOLD
1781575059531,09:57:36,41.53,41.63,41.8,40.78,41.63,1870100.0,77280000.0,41.51,500,41.5,300,41.49,200,41.48,1900,41.47,1100,41.53,1500,41.54,2800,41.55,3800,41.56,800,41.57,100,HOLD
1781575062531,09:57:39,41.51,41.63,41.8,40.78,41.63,1870600.0,77300000.0,41.5,900,41.49,600,41.48,1300,41.47,500,41.45,200,41.51,4700,41.53,1600,41.54,1300,41.55,3800,41.56,800,HOLD
1781575065521,09:57:42,41.51,41.63,41.8,40.78,41.63,1870600.0,77300000.0,41.5,6100,41.49,600,41.48,1300,41.47,500,41.45,200,41.51,4700,41.53,6300,41.54,1000,41.55,11800,41.56,800,HOLD
1781575068522,09:57:45,41.48,41.63,41.8,40.78,41.63,1878100.0,77610000.0,41.48,800,41.47,1200,41.46,400,41.45,200,41.4,500,41.49,2200,41.5,7600,41.51,4600,41.53,6300,41.54,1000,HOLD
1781575071523,09:57:48,41.45,41.63,41.8,40.78,41.63,1880600.0,77710000.0,41.42,100,41.41,200,41.4,1200,41.39,100,41.36,600,41.43,1000,41.44,1200,41.45,500,41.46,800,41.47,100,HOLD
1781575074524,09:57:51,41.43,41.63,41.8,40.78,41.63,1881900.0,77770000.0,41.42,100,41.41,200,41.4,1200,41.39,100,41.36,600,41.44,1200,41.45,500,41.46,400,41.48,800,41.49,1000,HOLD
1781575077524,09:57:54,41.43,41.63,41.8,40.78,41.63,1881900.0,77770000.0,41.42,500,41.41,200,41.4,1200,41.39,100,41.36,600,41.44,1200,41.45,500,41.46,400,41.48,800,41.49,1000,HOLD
1781575080526,09:57:57,41.44,41.63,41.8,40.78,41.63,1882100.0,77770000.0,41.42,500,41.41,200,41.4,1300,41.39,100,41.36,600,41.44,1000,41.45,500,41.46,400,41.48,800,41.49,1000,HOLD
1781575083528,09:58:00,41.44,41.63,41.8,40.78,41.63,1885200.0,77900000.0,41.42,300,41.4,200,41.39,200,41.36,600,41.33,200,41.44,900,41.45,500,41.46,400,41.48,800,41.49,1000,HOLD
1781575086530,09:58:03,41.42,41.63,41.8,40.78,41.63,1885500.0,77910000.0,41.4,300,41.39,200,41.38,500,41.37,100,41.36,3100,41.42,600,41.44,3600,41.46,400,41.48,800,41.49,1000,HOLD
1781575089530,09:58:06,41.42,41.63,41.8,40.78,41.63,1886100.0,77940000.0,41.4,200,41.39,200,41.36,3100,41.33,200,41.32,400,41.44,4400,41.46,400,41.48,600,41.49,1000,41.5,8100,HOLD
1781575092531,09:58:09,41.39,41.63,41.8,40.78,41.63,1886400.0,77950000.0,41.36,3100,41.33,200,41.32,400,41.31,800,41.3,2200,41.39,800,41.4,1200,41.42,800,41.43,1200,41.44,2700,HOLD
1781575095531,09:58:12,41.39,41.63,41.8,40.78,41.63,1886400.0,77950000.0,41.38,800,41.37,300,41.36,3100,41.33,200,41.32,400,41.39,300,41.4,400,41.44,2000,41.46,400,41.48,600,HOLD
1781575098533,09:58:15,41.39,41.63,41.8,40.78,41.63,1886800.0,77970000.0,41.38,800,41.37,300,41.36,3100,41.33,200,41.32,400,41.4,400,41.46,400,41.48,600,41.49,1000,41.5,16400,HOLD
1781575101533,09:58:18,41.39,41.63,41.8,40.78,41.63,1886800.0,77970000.0,41.38,800,41.37,400,41.36,3100,41.34,1100,41.33,200,41.4,400,41.46,400,41.48,300,41.49,1000,41.5,16400,HOLD
1781575104539,09:58:21,41.39,41.63,41.8,40.78,41.63,1887700.0,78010000.0,41.38,100,41.37,900,41.36,3800,41.35,600,41.33,200,41.39,700,41.4,400,41.46,400,41.49,1000,41.5,16400,HOLD
1781575107534,09:58:24,41.38,41.63,41.8,40.78,41.63,1895300.0,78320000.0,41.37,300,41.36,3800,41.35,600,41.33,200,41.32,400,41.38,800,41.43,4000,41.45,8300,41.46,400,41.49,1000,HOLD
1781575110536,09:58:27,41.38,41.63,41.8,40.78,41.63,1895300.0,78320000.0,41.37,500,41.36,3800,41.35,600,41.33,200,41.32,400,41.38,800,41.43,4000,41.45,8300,41.46,400,41.49,1000,HOLD
1781575113539,09:58:30,41.37,41.63,41.8,40.78,41.63,1895800.0,78340000.0,41.36,6000,41.35,600,41.33,200,41.32,400,41.31,300,41.37,1500,41.38,800,41.43,800,41.45,1700,41.46,400,HOLD
1781575119542,09:58:36,41.36,41.63,41.8,40.78,41.63,1896300.0,78360000.0,41.36,5800,41.35,500,41.33,900,41.32,400,41.31,300,41.37,1300,41.38,800,41.43,800,41.45,1700,41.46,400,HOLD
1781575122543,09:58:39,41.36,41.63,41.8,40.78,41.63,1901500.0,78580000.0,41.36,800,41.35,500,41.33,1400,41.32,400,41.31,300,41.37,1100,41.38,800,41.43,800,41.45,1700,41.46,400,HOLD
1781575125544,09:58:42,41.37,41.63,41.8,40.78,41.63,1903200.0,78650000.0,41.36,400,41.35,500,41.33,1400,41.32,400,41.31,300,41.37,1200,41.38,800,41.43,800,41.45,1700,41.46,400,HOLD
1781575128530,09:58:45,41.36,41.63,41.8,40.78,41.63,1903300.0,78650000.0,41.36,300,41.35,500,41.34,500,41.33,1400,41.32,400,41.37,1200,41.38,800,41.43,800,41.45,1700,41.46,400,HOLD
1781575131532,09:58:48,41.35,41.63,41.8,40.78,41.63,1904100.0,78680000.0,41.34,500,41.33,700,41.32,400,41.31,300,41.3,800,41.36,1200,41.37,500,41.38,800,41.43,800,41.45,1700,HOLD
1781575134533,09:58:51,41.33,41.63,41.8,40.78,41.63,1905300.0,78730000.0,41.31,200,41.3,800,41.29,300,41.27,800,41.26,300,41.33,600,41.34,400,41.35,200,41.36,2300,41.37,400,HOLD
1781575137533,09:58:54,41.3,41.63,41.8,40.78,41.63,1908300.0,78860000.0,41.29,300,41.27,800,41.26,300,41.25,800,41.24,500,41.31,500,41.33,1200,41.35,200,41.36,2300,41.37,400,HOLD
1781575140534,09:58:57,41.36,41.63,41.8,40.78,41.63,1910800.0,78960000.0,41.3,2500,41.29,300,41.27,200,41.26,300,41.25,800,41.36,1200,41.37,400,41.43,800,41.45,1700,41.49,600,HOLD
1781575143538,09:59:00,41.3,41.63,41.8,40.78,41.63,1913000.0,79050000.0,41.3,600,41.29,300,41.27,200,41.26,300,41.25,800,41.35,800,41.36,2000,41.37,200,41.43,800,41.45,1700,HOLD
1781575149539,09:59:06,41.34,41.63,41.8,40.78,41.63,1915800.0,79170000.0,41.31,2000,41.3,4200,41.27,200,41.26,300,41.25,800,41.34,500,41.35,800,41.36,2800,41.37,200,41.43,800,HOLD
1781575152540,09:59:09,41.37,41.63,41.8,40.78,41.63,1919400.0,79320000.0,41.36,500,41.35,7200,41.32,400,41.31,2900,41.3,8200,41.43,800,41.45,1700,41.49,600,41.5,15200,41.53,7200,HOLD
1781575155540,09:59:12,41.37,41.63,41.8,40.78,41.63,1919400.0,79320000.0,41.36,1000,41.35,7200,41.32,400,41.31,2900,41.3,8200,41.43,800,41.45,1700,41.49,600,41.5,15200,41.53,7200,HOLD
1781575158541,09:59:15,41.37,41.63,41.8,40.78,41.63,1919400.0,79320000.0,41.36,1000,41.35,7200,41.32,400,41.31,2900,41.3,5900,41.42,1600,41.43,1000,41.45,1700,41.49,600,41.5,15200,HOLD
1781575161543,09:59:18,41.35,41.63,41.8,40.78,41.63,1922900.0,79460000.0,41.35,4700,41.32,400,41.31,2900,41.3,4900,41.27,200,41.36,500,41.42,1600,41.43,1000,41.45,1700,41.49,600,HOLD
1781575164550,09:59:21,41.35,41.63,41.8,40.78,41.63,1923600.0,79490000.0,41.35,4000,41.32,400,41.31,2900,41.3,4900,41.27,200,41.36,500,41.42,1600,41.43,1000,41.45,1700,41.49,600,HOLD
1781575167546,09:59:24,41.35,41.63,41.8,40.78,41.63,1928600.0,79700000.0,41.35,3000,41.32,400,41.31,2900,41.3,4900,41.27,200,41.37,400,41.4,3100,41.41,900,41.42,4500,41.43,1000,HOLD
1781575170546,09:59:27,41.35,41.63,41.8,40.78,41.63,1928600.0,79700000.0,41.35,3000,41.32,400,41.31,2900,41.3,4900,41.27,200,41.36,200,41.37,400,41.4,1700,41.41,900,41.42,4500,HOLD
1781575173548,09:59:30,41.36,41.63,41.8,40.78,41.63,1930100.0,79760000.0,41.35,1700,41.32,400,41.31,2700,41.3,5100,41.27,200,41.37,400,41.4,500,41.41,900,41.42,4500,41.43,1000,HOLD
1781575176548,09:59:33,41.35,41.63,41.8,40.78,41.63,1931800.0,79830000.0,41.35,200,41.32,400,41.31,2700,41.3,3400,41.27,200,41.37,1100,41.4,500,41.41,900,41.42,4500,41.43,1000,HOLD
1781575179550,09:59:36,41.35,41.63,41.8,40.78,41.63,1931800.0,79830000.0,41.35,200,41.32,2400,41.31,2700,41.3,3400,41.27,200,41.37,1100,41.4,500,41.41,900,41.42,4500,41.43,800,HOLD
1781575182550,09:59:39,41.35,41.63,41.8,40.78,41.63,1931800.0,79830000.0,41.35,200,41.32,2400,41.31,2700,41.3,2700,41.27,200,41.37,1100,41.4,500,41.41,900,41.42,4500,41.43,800,HOLD
1781575185553,09:59:42,41.35,41.63,41.8,40.78,41.63,1931800.0,79830000.0,41.35,200,41.32,2600,41.31,2700,41.3,2700,41.27,200,41.36,500,41.37,1600,41.4,500,41.41,900,41.42,4500,HOLD
1781575188553,09:59:45,41.36,41.63,41.8,40.78,41.63,1932100.0,79840000.0,41.32,2600,41.31,2700,41.3,700,41.27,200,41.26,1000,41.34,100,41.35,7900,41.37,200,41.4,500,41.41,900,HOLD
1781575191553,09:59:48,41.32,41.63,41.8,40.78,41.63,1936900.0,80040000.0,41.31,2000,41.3,1200,41.27,200,41.26,1000,41.25,1500,41.32,400,41.35,13600,41.37,200,41.4,500,41.41,900,HOLD
1781575194555,09:59:51,41.32,41.63,41.8,40.78,41.63,1937500.0,80060000.0,41.32,300,41.31,1800,41.3,1200,41.27,200,41.26,1000,41.35,13400,41.37,200,41.4,500,41.41,900,41.42,4500,HOLD
1781575197555,09:59:54,41.32,41.63,41.8,40.78,41.63,1937800.0,80080000.0,41.31,1800,41.3,1200,41.29,400,41.27,200,41.26,1000,41.32,1200,41.35,12200,41.37,200,41.4,500,41.41,900,HOLD
1781575200555,09:59:57,41.31,41.63,41.8,40.78,41.63,1939600.0,80150000.0,41.3,1200,41.29,400,41.28,500,41.27,200,41.26,1500,41.31,300,41.32,1700,41.35,12200,41.37,200,41.4,500,HOLD
1781575203557,10:00:00,41.31,41.63,41.8,40.78,41.63,1943900.0,80330000.0,41.29,400,41.28,500,41.27,200,41.26,1500,41.25,1500,41.3,100,41.31,600,41.32,1800,41.35,6500,41.37,200,HOLD
1781575206559,10:00:03,41.31,41.63,41.8,40.78,41.63,1945800.0,80410000.0,41.28,200,41.27,100,41.26,1400,41.25,1500,41.24,500,41.31,700,41.32,1800,41.35,6500,41.37,200,41.4,500,HOLD
1781575209559,10:00:06,41.31,41.63,41.8,40.78,41.63,1947400.0,80470000.0,41.26,1400,41.25,1500,41.24,500,41.22,100,41.21,700,41.27,100,41.28,1900,41.31,3200,41.32,900,41.35,6000,HOLD
1781575212561,10:00:09,41.27,41.63,41.8,40.78,41.63,1947700.0,80490000.0,41.26,1200,41.25,1500,41.24,500,41.21,700,41.2,1800,41.27,200,41.28,4500,41.31,3600,41.32,500,41.35,6000,HOLD
1781575218562,10:00:15,41.26,41.63,41.8,40.78,41.63,1951000.0,80620000.0,41.25,100,41.24,600,41.21,700,41.2,1300,41.18,500,41.26,200,41.27,800,41.28,7300,41.31,3600,41.32,500,HOLD
1781575221565,10:00:18,41.24,41.63,41.8,40.78,41.63,1952200.0,80670000.0,41.21,1200,41.2,1200,41.18,500,41.17,400,41.16,800,41.25,1500,41.26,200,41.27,400,41.28,7300,41.31,3600,HOLD
