local_time_ms,server_time,price,open,high,low,prev_close,cum_volume,cum_amount,bp1,bv1,bp2,bv2,bp3,bv3,bp4,bv4,bp5,bv5,sp1,sv1,sp2,sv2,sp3,sv3,sp4,sv4,sp5,sv5,signal
1780017904304,09:25:00,50.3,50.3,50.3,50.3,49.95,32500.0,1630000.0,50.3,24600,50.05,600,50.0,100,49.99,2300,49.98,600,50.35,200,50.4,200,50.45,300,50.5,200,50.54,400,HOLD
1780017969273,09:25:00,50.3,50.3,50.3,50.3,49.95,32500.0,1630000.0,50.3,24600,50.05,600,50.0,100,49.99,2300,49.98,600,50.35,200,50.4,200,50.45,300,50.5,200,50.54,400,HOLD
1780018017431,09:26:54,50.3,50.3,50.3,50.3,49.95,32500.0,1630000.0,50.3,24600,50.05,600,50.0,100,49.99,2300,49.98,600,50.35,200,50.4,200,50.45,300,50.5,200,50.54,400,HOLD
1780018077607,09:27:54,50.3,50.3,50.3,50.3,49.95,32500.0,1630000.0,50.3,24600,50.05,600,50.0,100,49.99,2300,49.98,600,50.35,200,50.4,200,50.45,300,50.5,200,50.54,400,HOLD
1780018137784,09:28:54,50.3,50.3,50.3,50.3,49.95,32500.0,1630000.0,50.3,24600,50.05,600,50.0,100,49.99,2300,49.98,600,50.35,200,50.4,200,50.45,300,50.5,200,50.54,400,HOLD
1780018197924,09:29:54,50.3,50.3,50.3,50.3,49.95,32500.0,1630000.0,50.3,24600,50.05,600,50.0,100,49.99,2300,49.98,600,50.35,200,50.4,200,50.45,300,50.5,200,50.54,400,HOLD
1780018203930,09:30:00,50.37,50.3,50.54,50.3,49.95,87000.0,4380000.0,50.43,100000,50.37,1600,50.36,1600,50.35,1800,50.33,100,50.48,1300,50.49,300,50.5,33500,50.53,500,50.55,200,HOLD
1780018206940,09:30:03,50.7,50.3,50.7,50.3,49.95,144300.0,7280000.0,50.7,31200,50.66,800,50.59,2800,50.58,500,50.56,100,50.74,500,50.75,700,50.77,3000,50.79,3100,50.8,2500,HOLD
1780018217797,09:30:15,51.3,50.3,51.3,50.3,49.95,262200.0,13280000.0,51.25,3200,51.24,200,51.22,5100,51.21,100,51.2,2000,51.3,23300,51.32,100,51.35,5000,51.42,300,51.44,100,HOLD
1780018221754,09:30:18,51.32,50.3,51.51,50.3,49.95,323500.0,16430000.0,51.3,5800,51.26,7800,51.22,1800,51.21,100,51.2,2300,51.51,7000,51.53,500,51.54,100,51.58,200,51.6,300,HOLD
1780018224765,09:30:21,51.5,50.3,51.56,50.3,49.95,394200.0,20070000.0,51.36,100,51.3,100,51.22,4700,51.21,100,51.2,400,51.5,3200,51.51,300,51.58,200,51.6,100,51.68,500,HOLD
1780018227775,09:30:24,51.47,50.3,51.76,50.3,49.95,421900.0,21490000.0,51.44,100,51.37,1600,51.36,300,51.3,500,51.22,4700,51.49,300,51.5,18000,51.51,500,51.76,3500,51.79,300,HOLD
1780018230785,09:30:27,51.22,50.3,51.76,50.3,49.95,455600.0,23220000.0,51.22,3400,51.21,100,51.2,200,51.08,400,51.07,600,51.39,9300,51.41,200,51.42,200,51.43,600,51.44,1500,HOLD
1780018233794,09:30:30,51.07,50.3,51.76,50.3,49.95,481900.0,24570000.0,51.01,100,51.0,100000,50.99,3600,50.98,900,50.97,1400,51.22,31600,51.36,100,51.38,700,51.39,8300,51.4,100,HOLD
1780018236800,09:30:33,51.2,50.3,51.76,50.3,49.95,486200.0,24790000.0,51.0,99900,50.99,3600,50.98,900,50.97,1800,50.9,100,51.11,700,51.21,200,51.22,29800,51.25,200,51.3,200,HOLD
1780018239805,09:30:36,51.01,50.3,51.76,50.3,49.95,551900.0,28140000.0,51.0,46000,50.99,3600,50.98,900,50.97,1800,50.9,100,51.01,900,51.1,600,51.11,100,51.22,33500,51.25,200,HOLD
1780018242819,09:30:39,51.0,50.3,51.76,50.3,49.95,592000.0,30190000.0,51.0,8300,50.99,3600,50.98,900,50.97,1400,50.94,400,51.01,2200,51.03,100,51.09,1000,51.1,100,51.11,500,HOLD
1780018245832,09:30:42,50.95,50.3,51.76,50.3,49.95,613500.0,31280000.0,50.9,100,50.78,200,50.75,200,50.74,100,50.59,2600,50.95,1200,50.97,18700,50.99,1600,51.0,63700,51.01,4200,HOLD
1780018248838,09:30:45,50.67,50.3,51.76,50.3,49.95,614300.0,31330000.0,50.59,2600,50.58,500,50.5,1800,50.49,7300,50.48,100,50.67,1200,50.78,200,50.81,100,50.87,500,50.88,100,HOLD
1780018251843,09:30:48,50.67,50.3,51.76,50.3,49.95,620800.0,31660000.0,50.67,3300,50.6,300,50.59,2600,50.58,500,50.5,1800,50.9,300,50.94,6200,50.95,2500,50.97,100,50.99,3800,HOLD
1780018254851,09:30:51,50.59,50.3,51.76,50.3,49.95,629200.0,32080000.0,50.58,500,50.5,1800,50.49,7300,50.48,100,50.43,93900,50.59,2700,50.61,200,50.89,300,50.9,6100,50.91,100,HOLD
1780018257850,09:30:54,50.59,50.3,51.76,50.3,49.95,644800.0,32870000.0,50.61,200,50.59,300,50.58,200,50.5,1800,50.49,7300,50.67,100,50.79,900,50.89,300,50.9,6100,50.91,100,HOLD
1780018263872,09:31:00,50.58,50.3,51.76,50.3,49.95,657000.0,33490000.0,50.5,3500,50.49,7300,50.48,100,50.43,93900,50.4,10000,50.58,3900,50.59,3700,50.6,300,50.61,300,50.67,500,HOLD
1780018266880,09:31:03,50.71,50.3,51.76,50.3,49.95,694500.0,35390000.0,50.71,9600,50.6,200,50.51,12800,50.5,100,50.49,7300,50.79,900,50.87,200,50.89,300,50.9,3100,50.91,100,HOLD
1780018269888,09:31:06,50.78,50.3,51.76,50.3,49.95,707200.0,36030000.0,50.71,1000,50.68,100,50.6,1000,50.58,300,50.55,200,50.78,5100,50.79,900,50.87,200,50.89,300,50.9,3100,HOLD
1780018272894,09:31:09,50.77,50.3,51.76,50.3,49.95,716500.0,36500000.0,50.6,1100,50.58,900,50.55,200,50.51,100,50.5,700,50.71,25500,50.77,200,50.78,5500,50.79,900,50.87,200,HOLD
1780018275908,09:31:12,50.78,50.3,51.76,50.3,49.95,753500.0,38380000.0,50.6,2000,50.58,900,50.55,200,50.51,100,50.5,600,50.71,1000,50.78,2400,50.79,900,50.87,200,50.9,3200,HOLD
1780018278918,09:31:15,50.71,50.3,51.76,50.3,49.95,759200.0,38670000.0,50.71,5100,50.7,500,50.61,100,50.6,1900,50.58,900,50.9,3100,50.91,100,50.94,500,50.95,1400,50.99,900,HOLD
1780018281934,09:31:18,50.89,50.3,51.76,50.3,49.95,759600.0,38690000.0,50.77,500,50.72,1300,50.71,4300,50.7,500,50.61,500,50.78,1200,50.89,200,50.9,3100,50.91,100,50.94,500,HOLD
1780018284940,09:31:21,50.79,50.3,51.76,50.3,49.95,766700.0,39050000.0,50.72,100,50.71,900,50.7,500,50.61,500,50.6,1800,50.77,7100,50.87,100,50.9,1900,50.91,100,50.94,500,HOLD
1780018287941,09:31:24,50.71,50.3,51.76,50.3,49.95,801700.0,40830000.0,50.61,500,50.6,1800,50.58,600,50.51,100,50.5,1600,50.7,500,50.71,800,50.72,100,50.76,2100,50.88,400,HOLD
1780018290954,09:31:27,50.69,50.3,51.76,50.3,49.95,822300.0,41870000.0,50.69,6500,50.68,500,50.67,1200,50.62,2500,50.61,900,50.71,600,50.72,500,50.74,2000,50.77,700,50.88,400,HOLD
1780018296975,09:31:33,50.88,50.3,51.76,50.3,49.95,834000.0,42460000.0,50.89,1600,50.88,400,50.86,1900,50.85,200,50.82,12400,50.9,100,50.93,100,50.94,10300,50.99,400,51.0,19700,HOLD
1780018299987,09:31:36,51.12,50.3,51.76,50.3,49.95,885700.0,45100000.0,51.12,5600,51.11,6800,51.1,1100,51.09,6500,51.08,1400,51.21,2000,51.22,28000,51.25,1300,51.26,300,51.3,1200,HOLD
1780018302990,09:31:39,50.95,50.3,51.76,50.3,49.95,1108600.0,56480000.0,50.9,3300,50.89,5000,50.88,700,50.85,200,50.79,2300,50.95,800,50.96,900,50.97,1200,50.99,2500,51.0,15800,HOLD
1780018306002,09:31:42,50.88,50.3,51.76,50.3,49.95,1120500.0,57080000.0,50.88,200,50.85,200,50.8,5200,50.79,2300,50.77,1500,50.9,2200,50.92,900,50.93,100,50.95,400,50.96,2500,HOLD
1780018309013,09:31:45,50.84,50.3,51.76,50.3,49.95,1126300.0,57380000.0,50.8,1700,50.79,2300,50.76,700,50.74,200,50.73,1700,50.83,200,50.84,600,50.85,100,50.87,700,50.88,600,HOLD
1780018312029,09:31:48,50.97,50.3,51.76,50.3,49.95,1142000.0,58180000.0,50.92,3600,50.9,9800,50.89,200,50.83,22400,50.79,300,50.97,4300,50.99,2500,51.0,200,51.12,2600,51.21,200,HOLD
1780018315038,09:31:51,50.92,50.3,51.76,50.3,49.95,1158000.0,58990000.0,50.92,100,50.9,8100,50.89,200,50.83,100,50.79,300,50.99,2500,51.0,200,51.12,2600,51.22,26200,51.3,1200,HOLD
1780018318050,09:31:54,50.97,50.3,51.76,50.3,49.95,1160500.0,59120000.0,50.87,100,50.84,100,50.83,100,50.79,300,50.77,400,50.98,1700,50.99,3500,51.0,300,51.06,400,51.12,2600,HOLD
1780018321055,09:31:57,50.76,50.3,51.76,50.3,49.95,1168300.0,59520000.0,50.76,500,50.74,200,50.73,1700,50.72,300,50.71,100,50.8,500,50.92,1600,50.96,1100,50.97,13300,50.98,400,HOLD
1780018324062,09:32:00,50.73,50.3,51.76,50.3,49.95,1171200.0,59660000.0,50.72,300,50.71,100,50.7,100000,50.62,200,50.59,100,50.75,1200,50.79,100,50.8,200,50.83,300,50.92,1600,HOLD
1780018327073,09:32:03,50.76,50.3,51.76,50.3,49.95,1176000.0,59910000.0,50.76,700,50.75,100,50.73,300,50.72,1900,50.71,100,50.87,300,50.88,600,50.89,400,50.9,500,50.91,200,HOLD
1780018330084,09:32:06,50.95,50.3,51.76,50.3,49.95,1184500.0,60340000.0,50.95,500,50.73,200,50.72,4900,50.71,100,50.7,100000,50.96,1400,50.97,16400,50.99,500,51.0,3000,51.06,400,HOLD
1780018333088,09:32:09,51.22,50.3,51.76,50.3,49.95,1224300.0,62370000.0,51.12,500,51.11,11400,51.0,12400,50.99,500,50.97,2900,51.22,16900,51.3,200,51.36,100,51.38,400,51.4,500,HOLD
1780018336095,09:32:12,51.12,50.3,51.76,50.3,49.95,1266600.0,64530000.0,51.12,600,51.05,2700,51.04,400,51.01,6000,51.0,6500,51.2,500,51.21,600,51.22,16800,51.3,200,51.38,400,HOLD
1780018339102,09:32:15,51.17,50.3,51.76,50.3,49.95,1281000.0,65270000.0,51.01,4900,50.98,400,50.97,500,50.96,2500,50.9,5800,51.16,400,51.17,400,51.18,100,51.19,1500,51.2,12300,HOLD
1780018342116,09:32:18,51.11,50.3,51.76,50.3,49.95,1304300.0,66460000.0,51.0,10700,50.98,400,50.97,500,50.96,2200,50.9,5800,51.11,300,51.12,5400,51.15,800,51.16,900,51.18,500,HOLD
1780018345118,09:32:21,50.95,50.3,51.76,50.3,49.95,1322600.0,67390000.0,50.9,5800,50.88,600,50.87,100,50.78,500,50.77,200,50.95,600,50.96,16700,51.0,4000,51.08,6800,51.09,100,HOLD
1780018348123,09:32:24,50.96,50.3,51.76,50.3,49.95,1346400.0,68600000.0,50.91,5800,50.9,200,50.83,100,50.78,500,50.77,200,50.96,12300,51.0,300,51.08,6800,51.09,100,51.11,800,HOLD
1780018351129,09:32:27,50.83,50.3,51.76,50.3,49.95,1358400.0,69210000.0,50.8,100,50.78,500,50.77,200,50.75,11100,50.73,200,50.84,4600,50.91,200,50.96,12200,51.0,4300,51.09,100,HOLD
1780018354137,09:32:30,50.83,50.3,51.76,50.3,49.95,1362000.0,69390000.0,50.79,100,50.78,800,50.77,800,50.75,11100,50.73,200,50.8,100,50.81,400,50.82,600,50.83,500,50.84,3900,HOLD
1780018357150,09:32:33,50.86,50.3,51.76,50.3,49.95,1374300.0,70020000.0,50.84,3400,50.8,100,50.78,400,50.77,800,50.75,11100,50.91,200,50.95,5100,50.96,12400,51.0,200,51.09,400,HOLD
1780018360161,09:32:36,51.16,50.3,51.76,50.3,49.95,1406200.0,71640000.0,51.09,600,50.96,900,50.95,1000,50.84,98800,50.83,1500,51.16,200,51.17,300,51.18,300,51.2,100,51.22,1200,HOLD
1780018363169,09:32:39,51.16,50.3,51.76,50.3,49.95,1419600.0,72330000.0,51.16,700,51.15,700,51.14,100,51.09,600,50.97,7200,51.22,500,51.23,100,51.27,5000,51.3,600,51.33,300,HOLD
1780018366179,09:32:42,51.16,50.3,51.76,50.3,49.95,1424400.0,72580000.0,51.09,4200,51.0,100,50.99,800,50.98,400,50.97,7200,51.16,300,51.22,100,51.23,100,51.27,5000,51.3,600,HOLD
1780018369189,09:32:45,51.16,50.3,51.76,50.3,49.95,1437700.0,73260000.0,51.05,2000,51.04,800,51.03,2000,51.02,8700,51.01,800,51.16,2500,51.18,300,51.19,1200,51.2,800,51.21,1000,HOLD
1780018372192,09:32:48,51.08,50.3,51.76,50.3,49.95,1445800.0,73670000.0,51.02,1800,50.97,7200,50.96,1000,50.84,99100,50.83,1600,51.08,1700,51.09,200,51.14,400,51.16,4300,51.17,200,HOLD
1780018375207,09:32:51,51.07,50.3,51.76,50.3,49.95,1475200.0,75170000.0,51.05,800,50.84,99100,50.83,1600,50.8,1800,50.77,600,51.07,700,51.08,700,51.09,300,51.14,400,51.16,4900,HOLD
1780018378207,09:32:54,50.97,50.3,51.76,50.3,49.95,1481200.0,75470000.0,50.89,100,50.84,99900,50.83,1700,50.8,1800,50.77,600,50.97,1700,50.98,86500,51.0,5100,51.02,800,51.05,6800,HOLD
1780018381210,09:32:57,50.87,50.3,51.76,50.3,49.95,1591500.0,81080000.0,50.8,500,50.77,800,50.75,11200,50.73,200,50.72,4900,50.87,200,50.89,400,50.97,100,50.98,85800,51.0,5100,HOLD
1780018384217,09:33:00,50.77,50.3,51.76,50.3,49.95,1595900.0,81310000.0,50.77,100,50.75,9400,50.73,200,50.72,4900,50.71,200,50.78,100,50.79,100,50.8,400,50.83,400,50.86,100,HOLD
1780018387224,09:33:03,50.89,50.3,51.76,50.3,49.95,1606200.0,81830000.0,50.75,8600,50.73,200,50.72,4900,50.71,200,50.7,700,50.95,300,50.96,300,50.97,3700,50.98,83100,51.0,5000,HOLD
1780018390240,09:33:06,50.95,50.3,51.76,50.3,49.95,1607800.0,81910000.0,50.89,700,50.87,10100,50.81,300,50.8,300,50.77,2000,50.96,200,50.97,2900,50.98,83100,51.0,5000,51.02,1600,HOLD
1780018393257,09:33:09,51.16,50.3,51.76,50.3,49.95,1715800.0,87420000.0,51.16,1900,51.11,100,51.1,900,51.09,22600,51.07,100,51.18,100,51.19,200,51.2,400,51.21,1200,51.22,500,HOLD
1780018396260,09:33:12,51.22,50.3,51.76,50.3,49.95,1719100.0,87590000.0,51.21,300,51.2,200,51.19,5700,51.18,200,51.16,1900,51.27,300,51.28,100,51.29,2000,51.3,800,51.33,300,HOLD
1780018399268,09:33:15,51.22,50.3,51.76,50.3,49.95,1726400.0,87960000.0,51.18,200,51.11,100,51.1,900,51.05,1100,50.97,400,51.22,7300,51.26,1800,51.27,700,51.3,800,51.33,300,HOLD
1780018402281,09:33:18,51.18,50.3,51.76,50.3,49.95,1738600.0,88590000.0,51.18,100,51.07,300,51.06,2600,51.05,1000,50.97,400,51.2,100,51.21,2400,51.22,200,51.26,2100,51.27,700,HOLD
1780018405287,09:33:21,51.19,50.3,51.76,50.3,49.95,1754700.0,89410000.0,51.19,1300,51.18,200,51.08,2100,51.06,2600,51.05,1000,51.2,100,51.21,1000,51.22,100,51.26,2100,51.27,1000,HOLD
1780018408301,09:33:24,51.17,50.3,51.76,50.3,49.95,1766000.0,89990000.0,51.08,2500,51.06,2600,51.05,1000,50.97,400,50.96,1000,51.17,3300,51.18,100,51.19,2200,51.2,700,51.21,1100,HOLD
1780018411309,09:33:27,51.22,50.3,51.76,50.3,49.95,1792200.0,91330000.0,51.22,26300,51.2,4800,51.18,200,51.11,2200,51.09,300,51.23,200,51.25,5000,51.26,900,51.27,700,51.3,1100,HOLD
1780018414324,09:33:30,51.22,50.3,51.76,50.3,49.95,1797400.0,91600000.0,51.22,23900,51.2,6400,51.18,200,51.17,200,51.16,4000,51.25,4000,51.26,900,51.27,700,51.3,1100,51.33,300,HOLD
1780018417336,09:33:33,51.22,50.3,51.76,50.3,49.95,1815900.0,92540000.0,51.22,6900,51.2,6500,51.18,200,51.17,200,51.16,4000,51.24,700,51.25,7000,51.26,900,51.27,700,51.3,1100,HOLD
1780018420350,09:33:36,51.22,50.3,51.76,50.3,49.95,1824900.0,93000000.0,51.22,1800,51.2,15200,51.18,200,51.17,200,51.16,4000,51.23,300,51.24,100,51.25,7100,51.26,900,51.27,300,HOLD
1780018423367,09:33:39,51.16,50.3,51.76,50.3,49.95,1847200.0,94150000.0,51.09,300,51.08,400,51.05,1000,51.0,10400,50.97,400,51.16,2200,51.21,300,51.22,900,51.23,300,51.24,400,HOLD
1780018426363,09:33:42,51.05,50.3,51.76,50.3,49.95,1854200.0,94500000.0,51.05,100,51.02,300,51.01,2600,51.0,10400,50.97,400,51.09,100,51.16,1500,51.2,1100,51.21,1300,51.22,1100,HOLD
1780018429366,09:33:45,51.22,50.3,51.76,50.3,49.95,1858300.0,94710000.0,51.05,100,51.02,300,51.01,2600,51.0,10400,50.97,400,51.09,100,51.19,100,51.22,2100,51.23,600,51.24,1000,HOLD
1780018432373,09:33:48,51.04,50.3,51.76,50.3,49.95,1859700.0,94780000.0,51.03,1100,51.01,2600,51.0,10400,50.97,400,50.96,1200,51.04,2400,51.05,4700,51.09,200,51.19,100,51.22,4000,HOLD
1780018435373,09:33:51,51.1,50.3,51.76,50.3,49.95,1868300.0,95220000.0,51.1,600,51.09,200,51.08,300,51.07,1100,51.05,93600,51.19,100,51.2,1000,51.21,700,51.22,11800,51.23,600,HOLD
1780018438387,09:33:54,51.13,50.3,51.76,50.3,49.95,1870400.0,95330000.0,51.11,700,51.09,1100,51.07,1100,51.05,93600,51.04,100,51.19,1000,51.2,1000,51.21,700,51.22,11800,51.23,500,HOLD
1780018441400,09:33:57,51.11,50.3,51.76,50.3,49.95,1871300.0,95380000.0,51.09,1000,51.05,93600,51.04,600,51.0,13600,50.97,300,51.17,400,51.18,100,51.19,7800,51.2,1100,51.21,700,HOLD
1780018444406,09:34:00,51.07,50.3,51.76,50.3,49.95,1877600.0,95700000.0,51.05,93900,51.04,700,51.0,13600,50.97,300,50.96,1200,51.07,200,51.09,100,51.1,1300,51.11,1200,51.16,800,HOLD
1780018447408,09:34:03,50.89,50.3,51.76,50.3,49.95,1989200.0,101390000.0,50.89,200,50.88,1000,50.87,3100,50.8,7200,50.78,10500,50.9,500,50.92,100,50.93,1400,50.94,400,50.97,300,HOLD
1780018450420,09:34:06,50.89,50.3,51.76,50.3,49.95,1995200.0,101700000.0,50.88,100,50.87,3100,50.8,7200,50.78,10500,50.75,7900,50.89,2800,50.9,300,50.92,100,50.93,200,50.94,400,HOLD
1780018453430,09:34:09,50.88,50.3,51.76,50.3,49.95,1998500.0,101870000.0,50.88,400,50.87,2900,50.8,7200,50.78,10500,50.75,7900,50.89,2400,50.9,300,50.92,100,50.93,200,50.94,400,HOLD
1780018456432,09:34:12,50.88,50.3,51.76,50.3,49.95,2008500.0,102380000.0,50.8,7000,50.78,10500,50.75,7900,50.74,200,50.73,200,50.88,1100,50.89,2400,50.9,300,50.92,100,50.93,200,HOLD
1780018459447,09:34:15,50.88,50.3,51.76,50.3,49.95,2009300.0,102420000.0,50.82,200,50.81,700,50.8,7000,50.78,10500,50.75,7900,50.88,1700,50.89,2400,50.9,300,50.92,100,50.93,200,HOLD
1780018462450,09:34:18,50.75,50.3,51.76,50.3,49.95,2019800.0,102950000.0,50.75,8700,50.74,200,50.73,200,50.72,4900,50.71,200,50.8,400,50.81,300,50.82,2900,50.88,5100,50.89,900,HOLD
1780018465455,09:34:21,50.73,50.3,51.76,50.3,49.95,2029200.0,103430000.0,50.72,4900,50.71,200,50.7,700,50.59,100,50.58,100,50.73,100,50.74,200,50.75,10800,50.78,200,50.79,800,HOLD
1780018468454,09:34:24,50.8,50.3,51.76,50.3,49.95,2046900.0,104330000.0,50.8,5300,50.71,100,50.7,600,50.59,100,50.58,100,50.81,800,50.82,200,50.87,100,50.88,5300,50.89,1300,HOLD
1780018471458,09:34:27,50.75,50.3,51.76,50.3,49.95,2055800.0,104780000.0,50.73,4900,50.71,100,50.7,600,50.59,100,50.58,100,50.75,900,50.77,100,50.78,2900,50.8,7300,50.81,1100,HOLD
1780018474461,09:34:30,50.7,50.3,51.76,50.3,49.95,2062100.0,105100000.0,50.7,2000,50.59,400,50.58,100,50.52,300,50.5,15400,50.72,100,50.73,5100,50.75,300,50.77,100,50.78,3100,HOLD
1780018477469,09:34:33,50.69,50.3,51.76,50.3,49.95,2094200.0,106720000.0,50.62,100,50.6,15800,50.59,1900,50.58,68500,50.53,1200,50.69,100,50.7,3200,50.72,3000,50.73,1400,50.75,500,HOLD
1780018480477,09:34:36,50.62,50.3,51.76,50.3,49.95,2097000.0,106860000.0,50.61,100,50.6,1500,50.59,1900,50.58,18800,50.53,900,50.62,3800,50.7,2500,50.72,3400,50.73,1500,50.75,500,HOLD
1780018483480,09:34:39,50.6,50.3,51.76,50.3,49.95,2101700.0,107100000.0,50.58,18800,50.53,900,50.52,300,50.5,15400,50.49,1000,50.61,3700,50.62,1000,50.68,100,50.7,1400,50.72,3000,HOLD
1780018486491,09:34:42,50.52,50.3,51.76,50.3,49.95,2125600.0,108310000.0,50.5,13500,50.49,1000,50.4,900,50.39,300,50.38,1100,50.52,100,50.53,10800,50.58,600,50.59,700,50.6,1500,HOLD
1780018489491,09:34:45,50.5,50.3,51.76,50.3,49.95,2131000.0,108580000.0,50.5,8100,50.49,1000,50.4,900,50.39,300,50.38,1100,50.51,700,50.52,500,50.53,10800,50.58,700,50.59,700,HOLD
1780018492499,09:34:48,50.4,50.3,51.76,50.3,49.95,2144100.0,109240000.0,50.4,600,50.39,300,50.38,1100,50.37,1600,50.35,5900,50.49,100,50.5,66000,50.52,100,50.58,600,50.59,700,HOLD
1780018495511,09:34:51,50.47,50.3,51.76,50.3,49.95,2145300.0,109310000.0,50.4,200,50.39,300,50.38,1100,50.37,1600,50.35,5900,50.47,100,50.48,1500,50.49,7900,50.5,66800,50.52,100,HOLD
1780018498520,09:34:54,50.39,50.3,51.76,50.3,49.95,2147200.0,109400000.0,50.39,800,50.38,1100,50.37,1600,50.35,5900,50.33,200,50.4,2000,50.45,100,50.46,600,50.48,1500,50.49,5600,HOLD
1780018501537,09:34:57,50.39,50.3,51.76,50.3,49.95,2149400.0,109510000.0,50.38,1100,50.37,1600,50.35,4900,50.33,200,50.31,1400,50.39,1000,50.4,1500,50.46,600,50.48,1500,50.49,5600,HOLD
1780018504544,09:35:00,50.32,50.3,51.76,50.3,49.95,2169000.0,110500000.0,50.31,1400,50.3,5300,50.2,300,50.17,100,50.1,500,50.33,2100,50.38,100,50.39,58400,50.4,1000,50.46,600,HOLD
1780018507556,09:35:03,50.38,50.3,51.76,50.3,49.95,2171700.0,110630000.0,50.32,600,50.31,1600,50.3,6300,50.2,800,50.17,100,50.39,58800,50.4,600,50.46,600,50.49,5600,50.5,6600,HOLD
1780018510557,09:35:06,50.32,50.3,51.76,50.3,49.95,2173500.0,110730000.0,50.32,200,50.31,1400,50.3,5300,50.28,400,50.2,1700,50.39,57700,50.4,600,50.49,200,50.5,1600,50.58,600,HOLD
1780018513557,09:35:09,50.4,50.3,51.76,50.3,49.95,2200400.0,112080000.0,50.39,400,50.33,6100,50.32,2100,50.31,6000,50.3,100,50.4,200,50.49,200,50.5,1600,50.58,600,50.62,4200,HOLD
1780018516626,09:35:12,50.39,50.3,51.76,50.3,49.95,2203900.0,112260000.0,50.4,200,50.33,100,50.32,2700,50.31,6000,50.29,6100,50.49,100,50.5,1400,50.58,600,50.62,4200,50.68,100,HOLD
1780018519626,09:35:18,50.35,50.3,51.76,50.3,49.95,2217900.0,112960000.0,50.36,100,50.35,2400,50.33,1000,50.32,2900,50.31,6000,50.39,31700,50.4,100,50.5,1900,50.58,600,50.6,200,HOLD
1780018525584,09:35:21,50.39,50.3,51.76,50.3,49.95,2218800.0,113010000.0,50.37,300,50.35,3900,50.33,1000,50.32,3900,50.31,6000,50.39,31000,50.4,100,50.5,1900,50.58,600,50.6,200,HOLD
1780018528591,09:35:24,50.36,50.3,51.76,50.3,49.95,2224800.0,113310000.0,50.33,1000,50.32,3900,50.3,100,50.29,6100,50.28,100,50.35,100,50.36,100,50.39,31600,50.4,100,50.5,1900,HOLD
1780018531598,09:35:27,50.39,50.3,51.76,50.3,49.95,2227600.0,113450000.0,50.33,1100,50.32,4800,50.3,100,50.29,6100,50.28,200,50.39,29300,50.4,100,50.5,1900,50.58,600,50.6,200,HOLD
1780018534600,09:35:30,50.33,50.3,51.76,50.3,49.95,2230200.0,113580000.0,50.36,100,50.35,100,50.33,200,50.32,5000,50.3,100,50.38,100,50.39,28200,50.4,100,50.5,1900,50.58,600,HOLD
1780018537601,09:35:33,50.25,50.3,51.76,50.25,49.95,2252800.0,114720000.0,50.2,800,50.17,100,50.1,500,50.05,600,50.0,9800,50.25,1400,50.3,400,50.31,600,50.33,800,50.34,95800,HOLD
1780018540622,09:35:36,50.17,50.3,51.76,50.17,49.95,2254100.0,114780000.0,50.1,500,50.05,600,50.0,9800,49.99,2400,49.98,100,50.16,2700,50.17,2300,50.18,100,50.2,100,50.24,1600,HOLD
1780018543625,09:35:39,50.16,50.3,51.76,50.15,49.95,2257900.0,114970000.0,50.16,2700,50.1,500,50.05,600,50.0,9800,49.99,2400,50.17,1500,50.18,100,50.2,1600,50.24,1600,50.25,1900,HOLD
1780018546629,09:35:42,50.1,50.3,51.76,50.1,49.95,2265500.0,115360000.0,50.05,1000,50.0,9200,49.99,2400,49.98,100,49.97,100,50.1,20900,50.16,200,50.17,6700,50.18,100,50.2,1600,HOLD
1780018549643,09:35:45,50.0,50.3,51.76,50.0,49.95,2268900.0,115530000.0,50.0,7800,49.99,2400,49.98,100,49.97,100,49.96,600,50.05,100,50.09,700,50.1,20100,50.16,1800,50.17,6700,HOLD
1780018552658,09:35:48,50.09,50.3,51.76,50.0,49.95,2270900.0,115630000.0,50.05,300,50.0,10300,49.99,2400,49.98,100,49.97,100,50.09,400,50.1,20100,50.16,2600,50.17,6700,50.2,1600,HOLD
1780018555660,09:35:51,50.05,50.3,51.76,50.0,49.95,2271400.0,115650000.0,50.0,12300,49.99,2400,49.98,100,49.97,100,49.96,600,50.07,300,50.09,400,50.1,20100,50.16,2300,50.17,5200,HOLD
1780018558665,09:35:54,50.05,50.3,51.76,50.0,49.95,2271900.0,115680000.0,50.05,800,50.0,14800,49.99,2400,49.98,100,49.97,100,50.07,200,50.09,400,50.1,20100,50.16,800,50.17,5200,HOLD
1780018561676,09:35:57,50.05,50.3,51.76,50.0,49.95,2274900.0,115830000.0,50.02,2100,50.01,400,50.0,14900,49.99,2400,49.98,100,50.05,700,50.06,300,50.07,200,50.09,200,50.1,20100,HOLD
1780018564690,09:36:00,50.02,50.3,51.76,50.0,49.95,2281300.0,116150000.0,50.0,13800,49.99,1800,49.98,100,49.97,100,49.96,600,50.02,2100,50.05,100,50.06,300,50.07,200,50.16,100,HOLD
1780018567692,09:36:03,49.75,50.3,51.76,49.75,49.95,2305200.0,117340000.0,49.7,300,49.66,100,49.65,200,49.6,400,49.55,200,49.86,1300,49.87,3900,49.88,4700,49.89,2900,49.9,600,HOLD
1780018570699,09:36:06,49.6,50.3,51.76,49.6,49.95,2307200.0,117440000.0,49.6,300,49.55,200,49.51,1000,49.5,15400,49.45,200,49.7,700,49.78,4200,49.85,1000,49.86,2900,49.87,300,HOLD
1780018573712,09:36:09,49.53,50.3,51.76,49.53,49.95,2313800.0,117770000.0,49.51,1000,49.5,15400,49.45,200,49.4,200,49.39,400,49.55,200,49.67,600,49.68,100,49.69,1000,49.7,700,HOLD
1780018576722,09:36:15,49.55,50.3,51.76,49.53,49.95,2314900.0,117820000.0,49.55,600,49.51,1000,49.5,15400,49.45,200,49.4,200,49.6,100,49.61,300,49.67,600,49.68,100,49.69,200,HOLD
1780018582732,09:36:18,49.55,50.3,51.76,49.5,49.95,2324300.0,118290000.0,49.51,1000,49.5,14600,49.45,200,49.4,200,49.39,400,49.55,200,49.6,1600,49.68,100,49.69,200,49.7,5500,HOLD
1780018585739,09:36:21,49.43,50.3,51.76,49.43,49.95,2343800.0,119250000.0,49.43,100,49.41,1500,49.4,700,49.39,400,49.35,200,49.44,100,49.45,800,49.49,7000,49.5,2500,49.51,20100,HOLD
1780018588752,09:36:24,49.45,50.3,51.76,49.43,49.95,2392100.0,121640000.0,49.45,1800,49.44,300,49.43,100,49.42,300,49.4,700,49.5,2100,49.51,1900,49.54,200,49.55,1400,49.59,2000,HOLD
1780018591764,09:36:27,49.48,50.3,51.76,49.43,49.95,2395800.0,121830000.0,49.48,200,49.47,300,49.46,400,49.45,200,49.44,2300,49.5,700,49.51,2200,49.54,200,49.55,1900,49.59,2000,HOLD
1780018594779,09:36:30,49.5,50.3,51.76,49.43,49.95,2398400.0,121960000.0,49.5,100,49.48,400,49.46,300,49.45,600,49.44,2300,49.51,1800,49.54,200,49.55,1000,49.59,2000,49.68,100,HOLD
1780018597782,09:36:36,49.51,50.3,51.76,49.42,49.95,2424300.0,123240000.0,49.5,100,49.43,6700,49.4,900,49.39,400,49.38,100,49.51,600,49.52,100,49.54,200,49.55,1000,49.59,2000,HOLD
1780018603785,09:36:39,49.56,50.3,51.76,49.42,49.95,2427500.0,123400000.0,49.53,600,49.52,500,49.51,100,49.43,12000,49.4,400,49.59,2000,49.68,100,49.69,200,49.7,5500,49.85,500,HOLD
1780018606795,09:36:42,49.59,50.3,51.76,49.42,49.95,2435700.0,123800000.0,49.55,200,49.54,6100,49.53,100,49.52,4200,49.51,2800,49.68,100,49.69,200,49.7,5500,49.85,500,49.86,2700,HOLD
1780018609807,09:36:45,49.59,50.3,51.76,49.42,49.95,2438600.0,123950000.0,49.56,800,49.55,200,49.54,6100,49.52,4200,49.51,2800,49.59,1800,49.68,100,49.69,200,49.7,5500,49.84,1400,HOLD
1780018612813,09:36:48,49.64,50.3,51.76,49.42,49.95,2442000.0,124110000.0,49.6,100,49.59,400,49.57,6200,49.56,700,49.55,200,49.64,3000,49.68,100,49.69,200,49.7,5500,49.84,1400,HOLD
1780018615819,09:36:51,49.61,50.3,51.76,49.42,49.95,2443800.0,124200000.0,49.6,5200,49.59,1600,49.58,400,49.57,6200,49.56,700,49.61,500,49.64,2100,49.68,100,49.69,200,49.7,5500,HOLD
1780018618825,09:36:54,49.58,50.3,51.76,49.42,49.95,2453400.0,124680000.0,49.56,500,49.55,1000,49.54,6100,49.51,1200,49.5,3700,49.58,600,49.6,700,49.64,1900,49.68,100,49.69,200,HOLD
1780018621835,09:36:57,49.56,50.3,51.76,49.42,49.95,2457300.0,124870000.0,49.55,1000,49.51,1200,49.5,3800,49.48,600,49.43,6200,49.56,400,49.63,2500,49.64,14300,49.68,100,49.69,200,HOLD
1780018624844,09:37:00,49.5,50.3,51.76,49.42,49.95,2468500.0,125430000.0,49.5,1300,49.48,600,49.43,5400,49.4,3000,49.39,200,49.52,100,49.53,800,49.55,1000,49.56,500,49.59,1600,HOLD
1780018627858,09:37:03,49.52,50.3,51.76,49.42,49.95,2470600.0,125530000.0,49.5,1000,49.48,600,49.43,5400,49.4,3100,49.39,200,49.52,100,49.53,600,49.55,1000,49.56,600,49.59,1600,HOLD
1780018630872,09:37:06,49.5,50.3,51.76,49.42,49.95,2477500.0,125870000.0,49.5,2600,49.48,600,49.46,200,49.43,5900,49.4,3100,49.52,100,49.53,200,49.54,100,49.55,600,49.56,1000,HOLD
1780018633874,09:37:09,49.6,50.3,51.76,49.42,49.95,2487500.0,126370000.0,49.52,3600,49.5,9600,49.48,600,49.47,400,49.46,200,49.6,100,49.63,7100,49.64,14300,49.69,200,49.7,5500,HOLD
1780018636879,09:37:15,49.63,50.3,51.76,49.42,49.95,2494800.0,126730000.0,49.63,200,49.58,8000,49.57,300,49.56,11900,49.55,400,49.69,200,49.7,5500,49.84,300,49.85,500,49.86,1700,HOLD
1780018642881,09:37:18,49.69,50.3,51.76,49.42,49.95,2495700.0,126780000.0,49.64,100,49.63,300,49.6,300,49.58,8000,49.57,300,49.7,5400,49.84,300,49.85,500,49.86,1700,49.87,300,HOLD
1780018645882,09:37:21,49.69,50.3,51.76,49.42,49.95,2497100.0,126850000.0,49.69,500,49.64,300,49.63,600,49.6,300,49.58,8000,49.7,5100,49.81,200,49.84,100,49.85,500,49.86,1700,HOLD
1780018648883,09:37:24,49.7,50.3,51.76,49.42,49.95,2502200.0,127100000.0,49.73,6100,49.72,8000,49.71,6100,49.7,7100,49.69,1900,49.81,200,49.84,100,49.85,200,49.86,1400,50.0,9000,HOLD
1780018651889,09:37:27,49.73,50.3,51.76,49.42,49.95,2503400.0,127160000.0,49.75,6100,49.74,300,49.73,4900,49.72,8000,49.71,200,49.81,200,49.85,200,49.86,1400,49.97,100,50.0,9000,HOLD
1780018654889,09:37:30,49.81,50.3,51.76,49.42,49.95,2503600.0,127170000.0,49.75,6200,49.74,300,49.73,5000,49.72,8000,49.71,200,49.85,200,49.86,1400,49.97,100,50.0,9000,50.05,100,HOLD
1780018657897,09:37:33,49.86,50.3,51.76,49.42,49.95,2505200.0,127250000.0,49.82,6100,49.81,600,49.75,6300,49.74,300,49.73,400,49.97,100,50.0,9000,50.05,100,50.16,100,50.24,200,HOLD
1780018660906,09:37:36,49.97,50.3,51.76,49.42,49.95,2505300.0,127250000.0,49.88,6100,49.87,900,49.86,300,49.85,200,49.84,6200,49.97,100,50.0,9000,50.05,100,50.16,100,50.24,200,HOLD
1780018663906,09:37:39,50.0,50.3,51.76,49.42,49.95,2506500.0,127310000.0,49.97,1100,49.91,700,49.88,6100,49.87,900,49.85,2600,50.0,7900,50.05,100,50.16,100,50.24,200,50.27,100,HOLD
1780018666908,09:37:42,49.97,50.3,51.76,49.42,49.95,2509600.0,127470000.0,49.94,200,49.91,700,49.88,6100,49.87,1200,49.85,2300,49.97,2900,49.99,1200,50.0,7800,50.05,100,50.16,100,HOLD
1780018669924,09:37:45,49.87,50.3,51.76,49.42,49.95,2513300.0,127650000.0,49.87,300,49.85,2300,49.82,100,49.81,6300,49.8,100,49.89,1300,49.92,200,49.93,500,49.94,5700,49.95,400,HOLD
1780018672925,09:37:48,49.87,50.3,51.76,49.42,49.95,2520500.0,128010000.0,49.87,600,49.81,6100,49.8,100,49.75,200,49.73,400,49.88,200,49.89,1300,49.93,500,49.94,5700,49.95,400,HOLD
1780018675926,09:37:51,49.88,50.3,51.76,49.42,49.95,2521900.0,128080000.0,49.81,5900,49.8,300,49.75,200,49.73,400,49.7,2500,49.87,100,49.89,1300,49.93,500,49.94,5700,49.95,400,HOLD
1780018678936,09:37:54,49.87,50.3,51.76,49.42,49.95,2522000.0,128090000.0,49.81,5900,49.8,1500,49.75,200,49.73,400,49.7,2000,49.89,1300,49.93,500,49.94,3900,49.96,2200,49.97,5100,HOLD
1780018681945,09:37:57,49.89,50.3,51.76,49.42,49.95,2522600.0,128120000.0,49.88,1000,49.87,3600,49.85,200,49.82,1000,49.81,5900,49.89,700,49.93,500,49.94,700,49.96,200,50.0,4800,HOLD
1780018684957,09:38:00,49.92,50.3,51.76,49.42,49.95,2524200.0,128200000.0,49.89,900,49.88,18400,49.87,3400,49.85,200,49.82,1000,49.92,1800,49.94,300,49.96,200,50.0,4800,50.05,100,HOLD
1780018687965,09:38:03,49.94,50.3,51.76,49.42,49.95,2526400.0,128310000.0,49.92,100,49.89,1200,49.88,18400,49.87,4400,49.85,200,50.0,4800,50.05,100,50.16,100,50.23,100,50.24,200,HOLD
1780018690973,09:38:09,50.15,50.3,51.76,49.42,49.95,2532200.0,128600000.0,50.15,500,50.1,2800,50.07,200,50.06,200,50.04,6100,50.22,600,50.24,200,50.27,100,50.32,900,50.33,300,HOLD
1780018696993,09:38:12,50.06,50.3,51.76,49.42,49.95,2533300.0,128650000.0,50.0,300,49.96,200,49.95,200,49.92,3700,49.89,31700,50.06,200,50.14,1000,50.15,5300,50.16,100,50.2,3000,HOLD
1780018700006,09:38:18,50.15,50.3,51.76,49.42,49.95,2569400.0,130470000.0,50.15,4600,50.01,6100,50.0,500,49.96,200,49.95,200,50.24,500,50.25,1300,50.27,500,50.28,1100,50.3,27000,HOLD
1780018706015,09:38:21,50.16,50.3,51.76,49.42,49.95,2608400.0,132430000.0,50.17,400,50.16,1000,50.15,4500,50.06,700,50.01,6100,50.27,1900,50.28,1600,50.29,500,50.3,4400,50.31,600,HOLD
1780018709019,09:38:24,50.5,50.3,51.76,49.42,49.95,2707600.0,137420000.0,50.48,6100,50.47,3000,50.42,1400,50.4,300,50.36,18000,50.6,500,50.62,100,50.68,100,50.73,100,50.75,300,HOLD
1780018712025,09:38:27,50.6,50.3,51.76,49.42,49.95,2707800.0,137430000.0,50.51,6100,50.5,400,50.48,6100,50.47,2000,50.42,1400,50.6,300,50.62,100,50.68,100,50.73,100,50.75,300,HOLD
1780018715034,09:38:30,50.62,50.3,51.76,49.42,49.95,2708200.0,137450000.0,50.62,3000,50.6,32400,50.55,1000,50.52,100,50.51,6100,50.68,100,50.73,100,50.75,300,50.8,600,50.81,700,HOLD
1780018718041,09:38:33,50.81,50.3,51.76,49.42,49.95,2710000.0,137540000.0,50.77,400,50.76,7700,50.75,500,50.7,500,50.69,9200,50.88,1200,50.89,100,50.91,3800,50.95,1300,50.96,200,HOLD
1780018721051,09:38:36,50.77,50.3,51.76,49.42,49.95,2713100.0,137700000.0,50.76,7000,50.75,500,50.7,500,50.69,9200,50.68,4100,50.77,2700,50.88,1100,50.89,100,50.91,3800,50.92,500,HOLD
1780018724059,09:38:39,50.81,50.3,51.76,49.42,49.95,2722700.0,138190000.0,50.78,200,50.76,6400,50.75,500,50.7,500,50.69,9200,50.81,100,50.82,100,50.83,1400,50.84,5600,50.85,200,HOLD
1780018727065,09:38:42,50.7,50.3,51.76,49.42,49.95,2729000.0,138510000.0,50.6,30500,50.5,100,50.27,1800,50.24,100,50.2,300,50.73,100,50.74,500,50.75,6300,50.76,200,50.77,1700,HOLD
1780018730079,09:38:45,50.6,50.3,51.76,49.42,49.95,2731800.0,138650000.0,50.6,29200,50.5,100,50.27,1800,50.24,100,50.2,300,50.71,3300,50.72,100,50.73,400,50.74,500,50.75,5800,HOLD
1780018733092,09:38:51,50.9,50.3,51.76,49.42,49.95,2749800.0,139560000.0,50.9,1100,50.78,1000,50.77,1500,50.75,3000,50.73,100,50.91,3800,50.94,500,50.95,1300,50.96,200,51.0,4300,HOLD
1780018739098,09:38:54,51.02,50.3,51.76,49.42,49.95,2785500.0,141390000.0,51.02,1400,51.01,200,51.0,100,50.92,600,50.9,2300,51.14,400,51.21,800,51.22,6500,51.23,1000,51.24,2500,HOLD
1780018742100,09:38:57,51.02,50.3,51.76,49.42,49.95,2791300.0,141680000.0,51.02,400,51.01,1200,51.0,100,50.91,500,50.83,200,51.12,400,51.13,200,51.22,6500,51.23,1000,51.24,2500,HOLD
1780018745112,09:39:00,51.0,50.3,51.76,49.42,49.95,2793400.0,141790000.0,50.94,8400,50.91,600,50.9,200,50.83,200,50.82,4400,51.02,100,51.11,300,51.12,1100,51.13,200,51.22,6500,HOLD
1780018748124,09:39:06,50.95,50.3,51.76,49.42,49.95,2819100.0,143100000.0,50.96,3200,50.95,700,50.91,200,50.9,200,50.83,200,51.01,100,51.02,9700,51.11,100,51.12,500,51.13,200,HOLD
1780018751136,09:39:09,51.02,50.3,51.76,49.42,49.95,2838200.0,144070000.0,50.92,8200,50.91,3000,50.9,200,50.82,4400,50.79,5400,51.02,2700,51.11,100,51.12,6800,51.13,200,51.22,7500,HOLD
1780018754142,09:39:12,50.92,50.3,51.76,49.42,49.95,2839900.0,144160000.0,50.92,6700,50.91,3000,50.9,200,50.82,4400,50.79,5400,50.94,200,50.95,900,50.96,100,51.0,900,51.01,1100,HOLD
1780018760150,09:39:15,50.91,50.3,51.76,49.42,49.95,2848900.0,144620000.0,50.91,1500,50.9,200,50.82,4400,50.79,5400,50.78,100,50.92,6000,50.93,200,50.94,700,50.95,1500,50.96,700,HOLD
1780018763157,09:39:18,50.91,50.3,51.76,49.42,49.95,2851400.0,144750000.0,50.9,1100,50.87,4400,50.83,4800,50.82,4400,50.79,5400,50.91,4800,50.92,6300,50.93,200,50.94,700,50.95,1500,HOLD
1780018766161,09:39:21,51.01,50.3,51.76,49.42,49.95,2881300.0,146270000.0,51.01,2200,50.96,3800,50.95,2300,50.94,100,50.9,3200,51.02,6400,51.03,100,51.05,500,51.06,200,51.1,600,HOLD
1780018769163,09:39:24,50.98,50.3,51.76,49.42,49.95,2910900.0,147780000.0,50.98,3000,50.97,1900,50.96,3700,50.95,2200,50.94,100,51.0,1400,51.05,500,51.06,200,51.1,900,51.11,300,HOLD
1780018772168,09:39:27,51.02,50.3,51.76,49.42,49.95,2925200.0,148510000.0,51.02,1500,50.98,100,50.97,1900,50.96,3700,50.95,2200,51.05,500,51.06,200,51.08,100,51.1,900,51.11,300,HOLD
1780018775176,09:39:30,51.05,50.3,51.76,49.42,49.95,2955400.0,150050000.0,51.05,4300,51.04,4100,51.03,1000,51.02,1900,51.0,200,51.12,7400,51.13,300,51.2,100,51.22,7600,51.23,1300,HOLD
1780018778181,09:39:33,51.05,50.3,51.76,49.42,49.95,2977700.0,151190000.0,51.05,3600,51.04,400,51.03,1100,51.02,2700,51.0,200,51.1,700,51.11,300,51.12,1000,51.13,300,51.2,100,HOLD
1780018781188,09:39:39,50.92,50.3,51.76,49.42,49.95,2999800.0,152310000.0,50.92,500,50.9,200,50.8,1200,50.77,100,50.75,3000,50.96,600,50.98,300,50.99,100,51.0,30000,51.01,3000,HOLD
1780018787202,09:39:42,50.81,50.3,51.76,49.42,49.95,3002400.0,152450000.0,50.81,500,50.8,1200,50.77,100,50.75,3000,50.72,200,50.9,100,50.91,800,50.92,4500,50.95,1600,50.96,600,HOLD
1780018790208,09:39:48,50.63,50.3,51.76,49.42,49.95,3005200.0,152590000.0,50.63,6400,50.62,500,50.61,300,50.6,29500,50.5,1200,50.7,900,50.71,100,50.72,200,50.76,200,50.77,400,HOLD
1780018796206,09:39:54,50.92,50.3,51.76,49.42,49.95,3045200.0,154620000.0,50.92,100,50.9,100,50.89,100,50.88,2700,50.82,25200,51.0,36700,51.01,3000,51.02,1400,51.03,300,51.05,5100,HOLD
1780018802212,09:39:57,50.8,50.3,51.76,49.42,49.95,3119900.0,158410000.0,50.8,15900,50.62,7500,50.6,16100,50.5,1200,50.45,4000,50.88,300,50.89,200,50.9,800,50.92,2300,50.97,900,HOLD
1780018805218,09:40:03,51.12,50.3,51.76,49.42,49.95,3191600.0,162070000.0,51.12,1100,51.11,200,51.1,600,51.03,300,50.95,1600,51.16,200,51.17,200,51.18,100,51.2,300,51.21,1000,HOLD
1780018811228,09:40:06,51.13,50.3,51.76,49.42,49.95,3193700.0,162180000.0,51.1,4800,51.03,300,51.0,100,50.95,1600,50.93,7300,51.12,200,51.13,1700,51.15,1000,51.16,600,51.17,200,HOLD
1780018814233,09:40:12,51.07,50.3,51.76,49.42,49.95,3203200.0,162660000.0,50.95,2900,50.93,7300,50.92,300,50.9,100,50.88,300,51.06,100,51.07,200,51.08,600,51.09,100,51.1,1600,HOLD
1780018820250,09:40:15,50.93,50.3,51.76,49.42,49.95,3207900.0,162900000.0,50.93,5300,50.92,300,50.9,100,50.88,100,50.82,500,50.95,500,50.98,700,51.01,500,51.02,1100,51.03,300,HOLD
1780018823265,09:40:21,50.99,50.3,51.76,49.42,49.95,3217800.0,163400000.0,50.99,100,50.97,600,50.95,1600,50.93,3700,50.92,300,51.0,800,51.01,1800,51.02,200,51.03,300,51.04,800,HOLD
1780018829282,09:40:24,50.98,50.3,51.76,49.42,49.95,3221400.0,163590000.0,50.98,400,50.97,100,50.95,3100,50.94,400,50.93,3400,50.99,1400,51.0,3500,51.01,1800,51.02,200,51.03,300,HOLD
1780018832292,09:40:27,50.97,50.3,51.76,49.42,49.95,3234400.0,164250000.0,50.91,200,50.9,100,50.88,100,50.82,500,50.81,2100,50.94,200,50.95,300,50.97,2000,50.98,2400,50.99,2200,HOLD
1780018835305,09:40:33,50.82,50.3,51.76,49.42,49.95,3237000.0,164380000.0,50.82,100,50.81,200,50.8,2300,50.71,500,50.61,300,50.87,100,50.88,1100,50.89,800,50.9,200,50.91,3400,HOLD
1780018838312,09:40:36,50.86,50.3,51.76,49.42,49.95,3257300.0,165410000.0,50.82,800,50.69,400,50.68,7500,50.66,400,50.65,1500,50.86,700,50.91,1500,50.92,200,50.93,2400,50.94,2400,HOLD
1780018841327,09:40:39,50.8,50.3,51.76,49.42,49.95,3266100.0,165860000.0,50.74,400,50.73,1900,50.71,400,50.66,400,50.65,400,50.8,24300,50.82,1100,50.86,1000,50.87,500,50.88,1000,HOLD
1780018847346,09:40:42,50.8,50.3,51.76,49.42,49.95,3267700.0,165940000.0,50.74,100,50.73,1900,50.71,400,50.66,400,50.65,400,50.8,23900,50.82,2300,50.86,2100,50.87,500,50.88,1000,HOLD
1780018850359,09:40:45,50.74,50.3,51.76,49.42,49.95,3273800.0,166250000.0,50.73,600,50.71,400,50.66,400,50.65,400,50.62,400,50.8,22300,50.82,2500,50.86,2100,50.87,500,50.88,1000,HOLD
1780018853371,09:40:48,50.8,50.3,51.76,49.42,49.95,3297200.0,167440000.0,50.75,700,50.74,1700,50.73,800,50.71,400,50.66,400,50.8,700,50.82,1300,50.86,1100,50.87,500,50.88,1000,HOLD
1780018856376,09:40:51,50.74,50.3,51.76,49.42,49.95,3304600.0,167820000.0,50.75,100,50.74,1400,50.73,800,50.72,1100,50.71,400,50.84,100,50.85,100,50.86,1000,50.87,500,50.88,1000,HOLD
1780018859386,09:40:54,50.83,50.3,51.76,49.42,49.95,3306500.0,167910000.0,50.83,200,50.82,300,50.79,1600,50.78,700,50.74,4600,50.84,100,50.85,100,50.86,1100,50.87,500,50.88,1000,HOLD
1780018862388,09:41:00,50.82,50.3,51.76,49.42,49.95,3307700.0,167970000.0,50.81,400,50.79,1600,50.78,700,50.75,300,50.74,4900,50.82,400,50.83,900,50.84,700,50.85,200,50.86,1100,HOLD
1780018865400,09:41:03,50.85,50.3,51.76,49.42,49.95,3313500.0,168270000.0,50.85,3100,50.84,300,50.82,400,50.79,1600,50.78,700,50.86,3100,50.87,500,50.88,1000,50.9,1400,50.91,300,HOLD
1780018871406,09:41:06,50.81,50.3,51.76,49.42,49.95,3327600.0,168990000.0,50.81,2000,50.79,1400,50.75,300,50.74,4900,50.73,400,50.86,2900,50.87,500,50.88,1000,50.9,1400,50.94,2200,HOLD
1780018874422,09:41:12,50.99,50.3,51.76,49.42,49.95,3366600.0,170970000.0,50.99,600,50.98,1500,50.97,1300,50.91,600,50.9,700,51.05,600,51.06,100,51.07,2200,51.08,700,51.1,8300,HOLD
1780018880431,09:41:15,51.07,50.3,51.76,49.42,49.95,3370100.0,171150000.0,50.99,600,50.98,1500,50.97,1100,50.91,600,50.9,700,51.07,1200,51.08,700,51.1,8300,51.11,1300,51.12,4600,HOLD
1780018883433,09:41:18,50.99,50.3,51.76,49.42,49.95,3370700.0,171180000.0,50.99,100,50.98,1500,50.97,1100,50.91,200,50.9,700,51.03,100,51.06,800,51.07,1300,51.08,700,51.1,8300,HOLD
1780018886448,09:41:24,50.99,50.3,51.76,49.42,49.95,3381300.0,171720000.0,50.88,1200,50.87,1000,50.86,3900,50.84,1000,50.82,400,50.98,400,50.99,200,51.0,200,51.03,6200,51.05,900,HOLD
1780018889459,09:41:27,50.97,50.3,51.76,49.42,49.95,3381600.0,171740000.0,50.88,1200,50.87,1000,50.86,3900,50.84,1000,50.82,400,50.95,200,50.96,200,50.97,900,50.98,1600,50.99,700,HOLD
1780018895479,09:41:30,50.94,50.3,51.76,49.42,49.95,3382300.0,171770000.0,50.88,1200,50.87,1000,50.86,3900,50.84,1000,50.82,400,50.94,300,50.95,300,50.96,200,50.97,900,50.98,1700,HOLD
1780018898482,09:41:36,50.88,50.3,51.76,49.42,49.95,3386500.0,171990000.0,50.87,1000,50.86,3900,50.84,1000,50.82,400,50.81,1100,50.91,200,50.92,400,50.93,3200,50.94,4000,50.95,300,HOLD
1780018904486,09:41:42,50.75,50.3,51.76,49.42,49.95,3396200.0,172480000.0,50.75,100,50.74,700,50.73,400,50.65,400,50.62,400,50.81,2800,50.83,300,50.84,100,50.85,700,50.86,7900,HOLD
1780018910496,09:41:48,50.74,50.3,51.76,49.42,49.95,3396900.0,172520000.0,50.74,400,50.73,400,50.65,400,50.62,400,50.61,100,50.79,900,50.8,1500,50.81,4200,50.83,300,50.84,300,HOLD
1780018913509,09:41:51,50.74,50.3,51.76,49.42,49.95,3399300.0,172640000.0,50.62,400,50.61,100,50.6,15400,50.5,1500,50.45,4000,50.73,100,50.74,200,50.75,100,50.79,1500,50.8,1500,HOLD
1780018916512,09:41:54,50.75,50.3,51.76,49.42,49.95,3400800.0,172720000.0,50.75,600,50.74,1600,50.73,100,50.62,400,50.61,100,50.79,1500,50.8,1500,50.81,3500,50.84,300,50.85,700,HOLD
1780018919529,09:41:57,50.79,50.3,51.76,49.42,49.95,3402000.0,172780000.0,50.75,600,50.74,1300,50.62,400,50.61,600,50.6,15400,50.79,1600,50.8,1500,50.81,3500,50.84,300,50.85,700,HOLD
1780018925544,09:42:03,50.73,50.3,51.76,49.42,49.95,3414300.0,173400000.0,50.68,1000,50.65,800,50.61,11300,50.6,10900,50.5,1500,50.71,100,50.74,1500,50.75,8300,50.78,200,50.79,1800,HOLD
1780018928551,09:42:06,50.75,50.3,51.76,49.42,49.95,3423100.0,173850000.0,50.66,300,50.65,800,50.61,11000,50.6,10900,50.5,1500,50.75,4700,50.78,200,50.79,1900,50.8,1500,50.81,3500,HOLD
1780018931568,09:42:09,50.74,50.3,51.76,49.42,49.95,3424200.0,173900000.0,50.67,200,50.66,300,50.65,800,50.61,11000,50.6,10900,50.74,200,50.75,4400,50.78,200,50.79,1800,50.8,1500,HOLD
1780018937579,09:42:12,50.74,50.3,51.76,49.42,49.95,3424200.0,173900000.0,50.7,300,50.68,100,50.67,200,50.66,300,50.65,800,50.74,200,50.75,4400,50.78,200,50.79,1800,50.8,1600,HOLD
1780018940583,09:42:15,50.68,50.3,51.76,49.42,49.95,3425300.0,173960000.0,50.67,200,50.66,500,50.65,800,50.63,400,50.61,11100,50.72,7100,50.74,200,50.75,4600,50.78,200,50.79,1800,HOLD
1780018943596,09:42:21,50.68,50.3,51.76,49.42,49.95,3430000.0,174200000.0,50.67,800,50.61,9900,50.6,10900,50.53,100,50.5,1500,50.68,100,50.7,600,50.74,1000,50.75,4600,50.78,200,HOLD
1780018946612,09:42:24,50.7,50.3,51.76,49.42,49.95,3431500.0,174270000.0,50.67,500,50.61,9900,50.6,10900,50.53,100,50.5,1500,50.7,100,50.74,900,50.75,4600,50.78,200,50.79,1800,HOLD
1780018949629,09:42:27,50.67,50.3,51.76,49.42,49.95,3432000.0,174300000.0,50.61,9900,50.6,10900,50.53,100,50.5,1500,50.45,4000,50.67,400,50.68,1000,50.69,100,50.7,100,50.74,900,HOLD
1780018952625,09:42:30,50.61,50.3,51.76,49.42,49.95,3432400.0,174320000.0,50.61,11100,50.6,10900,50.53,100,50.5,1500,50.45,4000,50.67,1100,50.68,1000,50.69,100,50.7,600,50.74,900,HOLD
1780018955629,09:42:33,50.67,50.3,51.76,49.42,49.95,3456500.0,175540000.0,50.67,3200,50.6,2000,50.53,100,50.5,1500,50.46,2000,50.69,100,50.7,600,50.74,900,50.75,4300,50.78,200,HOLD
1780018958645,09:42:36,50.67,50.3,51.76,49.42,49.95,3456800.0,175550000.0,50.67,300,50.6,2000,50.53,100,50.5,1500,50.46,2000,50.7,600,50.74,900,50.75,4300,50.78,200,50.79,1800,HOLD
1780018964665,09:42:42,50.75,50.3,51.76,49.42,49.95,3464900.0,175970000.0,50.74,1900,50.71,1200,50.7,1900,50.67,100,50.66,1100,50.75,100,50.79,1800,50.8,1900,50.81,1600,50.84,300,HOLD
1780018967681,09:42:45,50.79,50.3,51.76,49.42,49.95,3465100.0,175980000.0,50.75,600,50.74,1400,50.71,900,50.7,1900,50.61,2100,50.79,1700,50.8,1900,50.81,1600,50.84,300,50.85,200,HOLD
1780018970688,09:42:48,50.79,50.3,51.76,49.42,49.95,3465300.0,175990000.0,50.76,200,50.75,600,50.74,1400,50.71,900,50.7,1900,50.79,1600,50.8,1600,50.81,1600,50.84,300,50.85,200,HOLD
1780018973693,09:42:51,50.79,50.3,51.76,49.42,49.95,3467100.0,176080000.0,50.79,1900,50.75,200,50.74,1300,50.71,900,50.7,1900,50.8,1600,50.81,1600,50.84,300,50.85,200,50.88,100,HOLD
1780018976703,09:42:54,50.81,50.3,51.76,49.42,49.95,3471700.0,176310000.0,50.82,4900,50.8,100,50.79,2300,50.75,1200,50.74,1300,50.84,300,50.85,200,50.88,100,50.9,1200,50.91,100,HOLD
1780018979711,09:42:57,50.82,50.3,51.76,49.42,49.95,3474600.0,176460000.0,50.82,2200,50.79,2300,50.75,1200,50.74,1300,50.71,900,50.84,300,50.85,200,50.88,100,50.9,1200,50.91,100,HOLD
1780018982716,09:43:00,50.8,50.3,51.76,49.42,49.95,3478300.0,176650000.0,50.79,1800,50.77,200,50.75,1200,50.74,1300,50.71,900,50.8,800,50.82,3300,50.83,800,50.84,300,50.85,200,HOLD
1780018988734,09:43:03,50.75,50.3,51.76,49.42,49.95,3480600.0,176760000.0,50.75,1100,50.74,1300,50.71,900,50.7,1900,50.61,2300,50.78,300,50.8,1000,50.82,3300,50.83,800,50.84,300,HOLD
1780018991743,09:43:06,50.71,50.3,51.76,49.42,49.95,3483500.0,176910000.0,50.71,400,50.7,1900,50.61,2300,50.6,2000,50.53,100,50.75,2100,50.76,200,50.77,100,50.78,300,50.79,500,HOLD
1780018994757,09:43:09,50.7,50.3,51.76,49.42,49.95,3485800.0,177030000.0,50.61,2300,50.6,2000,50.53,100,50.5,1500,50.46,2000,50.69,100,50.7,4500,50.71,1500,50.74,200,50.75,2100,HOLD
1780018997768,09:43:12,50.62,50.3,51.76,49.42,49.95,3487500.0,177110000.0,50.61,2200,50.6,2000,50.53,100,50.5,1500,50.46,2000,50.63,100,50.66,300,50.69,200,50.7,4500,50.71,1600,HOLD
1780019000779,09:43:18,50.6,50.3,51.76,49.42,49.95,3493400.0,177410000.0,50.53,100,50.5,1500,50.46,2000,50.45,4000,50.41,1200,50.6,3000,50.61,2900,50.63,100,50.66,300,50.69,200,HOLD
1780019003784,09:43:21,50.6,50.3,51.76,49.42,49.95,3493700.0,177430000.0,50.5,1500,50.46,2000,50.45,4000,50.41,1200,50.4,500,50.53,100,50.6,9700,50.61,3300,50.63,100,50.69,200,HOLD
1780019006788,09:43:24,50.52,50.3,51.76,49.42,49.95,3494300.0,177460000.0,50.52,1100,50.51,1400,50.5,1400,50.46,2000,50.45,4000,50.53,2300,50.6,8400,50.61,2200,50.69,200,50.7,100,HOLD
1780019009800,09:43:27,50.61,50.3,51.76,49.42,49.95,3513300.0,178420000.0,50.61,4500,50.6,14300,50.53,1100,50.52,1000,50.5,1400,50.69,200,50.71,300,50.74,400,50.76,100,50.77,100,HOLD
1780019012813,09:43:30,50.61,50.3,51.76,49.42,49.95,3518000.0,178660000.0,50.61,1500,50.6,2700,50.53,400,50.5,1400,50.46,2000,50.64,600,50.69,600,50.7,100,50.72,1000,50.74,400,HOLD
1780019015815,09:43:33,50.61,50.3,51.76,49.42,49.95,3519500.0,178730000.0,50.61,100,50.6,3700,50.53,400,50.5,1400,50.46,2000,50.62,1100,50.63,600,50.64,600,50.69,600,50.7,100,HOLD
1780019018830,09:43:36,50.61,50.3,51.76,49.42,49.95,3519700.0,178740000.0,50.6,3700,50.53,500,50.5,2400,50.46,2000,50.45,4000,50.61,1300,50.62,1100,50.63,600,50.64,600,50.69,600,HOLD
1780019024847,09:43:39,50.6,50.3,51.76,49.42,49.95,3523300.0,178920000.0,50.6,600,50.53,1300,50.5,2700,50.46,2000,50.45,4000,50.61,1900,50.62,1100,50.63,600,50.64,600,50.69,600,HOLD
1780019027864,09:43:45,50.61,50.3,51.76,49.42,49.95,3560400.0,180800000.0,50.6,10400,50.54,1900,50.53,1300,50.5,2700,50.46,2000,50.65,100,50.69,600,50.7,200,50.72,1000,50.73,100,HOLD
1780019033893,09:43:51,50.65,50.3,51.76,49.42,49.95,3581600.0,181880000.0,50.54,1000,50.53,200,50.5,2700,50.46,2000,50.45,4000,50.65,5100,50.69,600,50.7,100,50.72,1000,50.73,100,HOLD
1780019036892,09:43:54,50.65,50.3,51.76,49.42,49.95,3582400.0,181920000.0,50.55,100,50.54,1300,50.53,200,50.5,2700,50.46,2000,50.64,2400,50.65,10600,50.69,600,50.7,30100,50.72,1000,HOLD
1780019039901,09:43:57,50.54,50.3,51.76,49.42,49.95,3583900.0,181990000.0,50.53,200,50.5,2700,50.46,2000,50.45,4000,50.41,1700,50.6,600,50.61,200,50.63,200,50.64,2400,50.65,6300,HOLD
1780019042911,09:44:00,50.52,50.3,51.76,49.42,49.95,3584900.0,182040000.0,50.5,2700,50.46,2000,50.45,4000,50.41,1700,50.4,1200,50.52,1900,50.53,700,50.54,500,50.55,500,50.59,600,HOLD
1780019045917,09:44:03,50.46,50.3,51.76,49.42,49.95,3592000.0,182400000.0,50.45,4000,50.41,1700,50.4,1200,50.33,400,50.3,2100,50.54,500,50.55,2100,50.59,600,50.6,200,50.61,200,HOLD
1780019048919,09:44:06,50.4,50.3,51.76,49.42,49.95,3598700.0,182740000.0,50.4,300,50.33,400,50.3,2100,50.27,6300,50.22,1000,50.41,600,50.43,100,50.44,1100,50.45,1300,50.5,900,HOLD
1780019051929,09:44:09,50.4,50.3,51.76,49.42,49.95,3603100.0,182960000.0,50.4,500,50.33,400,50.3,2100,50.27,6300,50.22,1000,50.45,500,50.47,600,50.5,1100,50.54,500,50.55,2100,HOLD
1780019054936,09:44:12,50.49,50.3,51.76,49.42,49.95,3607000.0,183160000.0,50.47,400,50.4,600,50.33,400,50.3,2100,50.27,6300,50.5,1100,50.54,1700,50.55,1600,50.6,200,50.61,200,HOLD
1780019057944,09:44:15,50.47,50.3,51.76,49.42,49.95,3610300.0,183320000.0,50.47,1300,50.42,700,50.4,800,50.38,100,50.33,400,50.54,1700,50.55,1200,50.6,200,50.61,200,50.65,7200,HOLD
1780019060948,09:44:18,50.54,50.3,51.76,49.42,49.95,3612400.0,183430000.0,50.47,700,50.42,700,50.4,1800,50.38,100,50.33,400,50.54,1100,50.55,1200,50.6,200,50.61,200,50.65,7200,HOLD
1780019063965,09:44:21,50.54,50.3,51.76,49.42,49.95,3616600.0,183640000.0,50.47,800,50.42,700,50.4,1300,50.38,100,50.33,400,50.54,100,50.55,1200,50.6,200,50.61,200,50.65,7200,HOLD
1780019066979,09:44:24,50.55,50.3,51.76,49.42,49.95,3624600.0,184050000.0,50.42,500,50.4,5700,50.38,100,50.33,400,50.3,2100,50.47,300,50.56,400,50.57,3100,50.6,200,50.61,200,HOLD
1780019069985,09:44:27,50.38,50.3,51.76,49.42,49.95,3628200.0,184230000.0,50.33,1400,50.3,2100,50.27,6200,50.22,1000,50.15,5000,50.38,1800,50.42,500,50.54,1100,50.6,200,50.61,200,HOLD
1780019072986,09:44:30,50.38,50.3,51.76,49.42,49.95,3639300.0,184790000.0,50.33,1400,50.3,2100,50.27,6200,50.22,1000,50.15,5000,50.38,900,50.53,100,50.54,1100,50.6,600,50.61,200,HOLD
1780019075992,09:44:33,50.38,50.3,51.76,49.42,49.95,3650600.0,185360000.0,50.33,900,50.3,2100,50.27,6200,50.22,1000,50.17,200,50.38,800,50.53,100,50.54,1100,50.6,600,50.65,7200,HOLD
1780019079007,09:44:36,50.33,50.3,51.76,49.42,49.95,3652500.0,185450000.0,50.3,2400,50.27,6200,50.22,1000,50.17,200,50.15,5000,50.33,100,50.38,200,50.5,600,50.53,100,50.54,1100,HOLD
1780019082023,09:44:39,50.27,50.3,51.76,49.42,49.95,3656800.0,185670000.0,50.27,5400,50.22,1000,50.15,5000,50.12,300,50.06,400,50.3,100,50.4,200,50.41,1300,50.43,100,50.44,200,HOLD
1780019085036,09:44:42,50.3,50.3,51.76,49.42,49.95,3661600.0,185910000.0,50.3,200,50.27,5400,50.22,1000,50.15,5000,50.12,300,50.34,100,50.35,100,50.36,200,50.37,1200,50.38,200,HOLD
1780019088050,09:44:45,50.34,50.3,51.76,49.42,49.95,3661700.0,185910000.0,50.3,200,50.27,5900,50.22,1000,50.15,5000,50.12,300,50.35,100,50.36,200,50.37,1200,50.38,200,50.4,200,HOLD
1780019091057,09:44:48,50.3,50.3,51.76,49.42,49.95,3662400.0,185950000.0,50.36,100,50.3,200,50.27,5900,50.22,1000,50.15,5000,50.38,200,50.4,200,50.41,1300,50.45,200,50.47,500,HOLD
1780019097057,09:44:54,50.31,50.3,51.76,49.42,49.95,3666400.0,186150000.0,50.3,2000,50.28,200,50.27,5900,50.23,100,50.22,1200,50.31,500,50.4,100,50.41,1300,50.45,200,50.47,500,HOLD
1780019100062,09:44:57,50.3,50.3,51.76,49.42,49.95,3666900.0,186180000.0,50.3,3200,50.28,200,50.27,5900,50.23,100,50.22,1200,50.31,200,50.4,100,50.41,1300,50.45,200,50.47,500,HOLD
1780019103081,09:45:00,50.36,50.3,51.76,49.42,49.95,3667600.0,186210000.0,50.31,1000,50.3,2600,50.28,2200,50.27,5900,50.23,6400,50.4,200,50.41,1300,50.45,200,50.47,500,50.48,100,HOLD
1780019106080,09:45:03,50.44,50.3,51.76,49.42,49.95,3671500.0,186410000.0,50.37,900,50.34,1100,50.3,1700,50.28,2200,50.27,5900,50.44,400,50.45,100,50.47,500,50.48,100,50.54,1100,HOLD
1780019109087,09:45:06,50.46,50.3,51.76,49.42,49.95,3673500.0,186510000.0,50.37,700,50.34,1100,50.33,6000,50.32,100,50.3,2000,50.46,400,50.47,500,50.48,100,50.54,1100,50.6,200,HOLD
1780019112095,09:45:09,50.47,50.3,51.76,49.42,49.95,3674200.0,186540000.0,50.46,100,50.45,500,50.44,100,50.39,200,50.38,2100,50.47,300,50.48,100,50.54,1100,50.6,200,50.64,1000,HOLD
1780019118134,09:45:15,50.58,50.3,51.76,49.42,49.95,3677300.0,186700000.0,50.56,100,50.55,5500,50.47,300,50.46,100,50.38,2200,50.58,700,50.59,1800,50.6,1300,50.64,1000,50.65,7200,HOLD
1780019121131,09:45:18,50.58,50.3,51.76,49.42,49.95,3678200.0,186750000.0,50.56,200,50.55,5500,50.47,800,50.46,200,50.38,2200,50.58,400,50.59,1800,50.6,1300,50.64,1000,50.65,7200,HOLD
1780019124138,09:45:21,50.57,50.3,51.76,49.42,49.95,3679300.0,186800000.0,50.56,100,50.55,5500,50.47,800,50.46,200,50.38,2200,50.57,300,50.59,1900,50.6,1300,50.64,1000,50.65,7200,HOLD
1780019127151,09:45:24,50.56,50.3,51.76,49.42,49.95,3682200.0,186950000.0,50.55,5200,50.47,700,50.46,200,50.38,2200,50.37,2100,50.56,1500,50.59,2000,50.6,1300,50.64,1000,50.65,7200,HOLD
1780019130153,09:45:27,50.59,50.3,51.76,49.42,49.95,3684500.0,187060000.0,50.57,2200,50.56,100,50.55,4900,50.47,200,50.46,200,50.59,1600,50.6,1700,50.63,500,50.64,1000,50.65,7200,HOLD
1780019133160,09:45:30,50.57,50.3,51.76,49.42,49.95,3686700.0,187180000.0,50.57,100,50.56,300,50.55,4900,50.47,200,50.46,100,50.58,400,50.59,1600,50.6,1700,50.63,500,50.64,1000,HOLD
1780019139171,09:45:36,50.6,50.3,51.76,49.42,49.95,3692700.0,187480000.0,50.59,600,50.56,100,50.55,5100,50.52,1200,50.47,200,50.6,1500,50.63,500,50.64,1000,50.65,7200,50.68,300,HOLD
1780019142182,09:45:39,50.54,50.3,51.76,49.42,49.95,3698900.0,187790000.0,50.52,1200,50.47,200,50.46,500,50.38,700,50.37,2100,50.55,2900,50.56,100,50.57,400,50.58,600,50.6,1500,HOLD
1780019148197,09:45:45,50.55,50.3,51.76,49.42,49.95,3701600.0,187930000.0,50.52,800,50.47,200,50.46,500,50.38,700,50.37,2100,50.55,1700,50.56,400,50.57,700,50.58,600,50.59,700,HOLD
1780019151201,09:45:48,50.55,50.3,51.76,49.42,49.95,3702900.0,187990000.0,50.53,100,50.52,800,50.47,200,50.46,500,50.38,700,50.55,800,50.56,400,50.57,700,50.58,700,50.59,900,HOLD
1780019154205,09:45:51,50.55,50.3,51.76,49.42,49.95,3703500.0,188020000.0,50.53,100,50.52,800,50.47,200,50.46,500,50.38,800,50.55,1000,50.56,400,50.57,400,50.58,700,50.59,900,HOLD
1780019160218,09:45:57,50.55,50.3,51.76,49.42,49.95,3707700.0,188240000.0,50.47,300,50.46,500,50.38,800,50.37,2100,50.34,1100,50.55,1000,50.56,400,50.57,400,50.58,700,50.59,200,HOLD
1780019163225,09:46:00,50.57,50.3,51.76,49.42,49.95,3709500.0,188330000.0,50.55,1100,50.47,300,50.46,500,50.38,800,50.37,2100,50.58,1600,50.59,200,50.6,1500,50.63,1000,50.64,1000,HOLD
1780019166225,09:46:03,50.58,50.3,51.76,49.42,49.95,3711200.0,188410000.0,50.56,100,50.55,5500,50.52,100,50.47,300,50.46,500,50.58,400,50.59,200,50.6,1500,50.63,1000,50.64,1000,HOLD
1780019169227,09:46:06,50.57,50.3,51.76,49.42,49.95,3712000.0,188450000.0,50.56,100,50.55,7900,50.52,100,50.47,300,50.46,500,50.58,300,50.59,200,50.6,1500,50.61,1000,50.63,1000,HOLD
1780019172232,09:46:09,50.56,50.3,51.76,49.42,49.95,3713500.0,188530000.0,50.55,9400,50.52,100,50.47,300,50.46,500,50.38,800,50.56,900,50.57,100,50.58,300,50.59,200,50.6,1500,HOLD
1780019175237,09:46:12,50.56,50.3,51.76,49.42,49.95,3714500.0,188580000.0,50.55,8700,50.52,100,50.47,300,50.46,500,50.38,800,50.56,1200,50.57,100,50.58,300,50.59,1200,50.6,1500,HOLD
1780019178236,09:46:15,50.51,50.3,51.76,49.42,49.95,3723500.0,189040000.0,50.47,300,50.46,500,50.38,800,50.37,2100,50.34,1100,50.51,100,50.54,200,50.55,9700,50.56,8500,50.57,100,HOLD
1780019181246,09:46:18,50.55,50.3,51.76,49.42,49.95,3726500.0,189190000.0,50.38,800,50.37,2100,50.34,1100,50.33,6000,50.3,2400,50.46,2300,50.47,200,50.55,9500,50.56,8500,50.57,100,HOLD
1780019184258,09:46:21,50.45,50.3,51.76,49.42,49.95,3726800.0,189200000.0,50.38,800,50.37,2100,50.34,1100,50.33,6000,50.3,2400,50.46,2300,50.47,200,50.55,9500,50.56,7600,50.57,100,HOLD
1780019187271,09:46:24,50.55,50.3,51.76,49.42,49.95,3735900.0,189660000.0,50.52,300,50.49,300,50.43,1700,50.39,800,50.38,500,50.53,2000,50.55,1600,50.56,7400,50.57,100,50.58,300,HOLD
1780019190281,09:46:27,50.55,50.3,51.76,49.42,49.95,3744400.0,190090000.0,50.46,200,50.43,200,50.39,800,50.38,500,50.37,2100,50.55,800,50.56,7400,50.57,100,50.58,300,50.59,1400,HOLD
1780019193295,09:46:30,50.53,50.3,51.76,49.42,49.95,3746600.0,190200000.0,50.55,100,50.46,100,50.43,200,50.39,800,50.38,500,50.56,7400,50.57,100,50.58,300,50.59,1400,50.6,600,HOLD
1780019196298,09:46:33,50.46,50.3,51.76,49.42,49.95,3749600.0,190350000.0,50.45,500,50.43,100,50.39,800,50.38,500,50.37,2100,50.46,500,50.52,1100,50.55,2000,50.56,7400,50.57,100,HOLD
1780019199313,09:46:36,50.46,50.3,51.76,49.42,49.95,3749600.0,190350000.0,50.45,2800,50.43,100,50.39,800,50.38,500,50.37,2100,50.46,600,50.52,1100,50.54,1000,50.55,2000,50.56,7400,HOLD
1780019202320,09:46:39,50.45,50.3,51.76,49.42,49.95,3753500.0,190550000.0,50.45,1200,50.43,100,50.39,800,50.38,500,50.37,2100,50.54,500,50.55,100,50.56,7400,50.57,100,50.58,300,HOLD
1780019205321,09:46:42,50.45,50.3,51.76,49.42,49.95,3755800.0,190670000.0,50.45,1100,50.43,100,50.39,800,50.38,500,50.37,2100,50.53,1600,50.56,6300,50.57,100,50.58,300,50.59,1400,HOLD
1780019208329,09:46:45,50.45,50.3,51.76,49.42,49.95,3757300.0,190740000.0,50.39,800,50.38,500,50.37,2100,50.34,2100,50.33,6000,50.45,300,50.52,600,50.53,100,50.56,3400,50.57,100,HOLD
1780019211335,09:46:48,50.45,50.3,51.76,49.42,49.95,3757300.0,190740000.0,50.4,100,50.39,1000,50.38,700,50.37,2100,50.34,2100,50.45,400,50.52,700,50.53,100,50.56,3400,50.57,100,HOLD
1780019214335,09:46:51,50.45,50.3,51.76,49.42,49.95,3758000.0,190780000.0,50.39,1400,50.38,700,50.37,2100,50.34,2100,50.33,6000,50.45,200,50.52,700,50.53,100,50.56,4400,50.57,100,HOLD
1780019220362,09:46:57,50.45,50.3,51.76,49.42,49.95,3763100.0,191040000.0,50.45,7100,50.39,700,50.38,700,50.37,2100,50.35,400,50.49,200,50.5,100,50.51,1200,50.52,800,50.54,6000,HOLD
1780019223366,09:47:00,50.45,50.3,51.76,49.42,49.95,3766200.0,191190000.0,50.45,4000,50.39,700,50.38,700,50.37,2100,50.35,400,50.48,100,50.49,200,50.5,100,50.51,1200,50.52,800,HOLD
1780019226375,09:47:03,50.45,50.3,51.76,49.42,49.95,3766200.0,191190000.0,50.45,4000,50.39,700,50.38,700,50.37,2100,50.35,400,50.48,100,50.49,200,50.5,100,50.51,1800,50.52,800,HOLD
1780019232397,09:47:09,50.44,50.3,51.76,49.42,49.95,3770700.0,191420000.0,50.42,400,50.39,800,50.38,500,50.37,2100,50.34,2100,50.44,500,50.45,200,50.47,400,50.49,200,50.5,100,HOLD
1780019235398,09:47:12,50.43,50.3,51.76,49.42,49.95,3770900.0,191430000.0,50.42,400,50.39,1100,50.38,500,50.37,2100,50.34,2100,50.44,500,50.45,700,50.47,400,50.49,200,50.5,100,HOLD
1780019238403,09:47:15,50.44,50.3,51.76,49.42,49.95,3771500.0,191460000.0,50.43,300,50.42,500,50.39,1100,50.38,500,50.37,2100,50.44,700,50.45,700,50.47,400,50.49,200,50.5,100,HOLD
1780019241406,09:47:18,50.43,50.3,51.76,49.42,49.95,3771900.0,191480000.0,50.42,800,50.4,200,50.39,1100,50.38,500,50.37,2100,50.44,600,50.45,700,50.49,200,50.5,100,50.51,1800,HOLD
1780019244407,09:47:21,50.42,50.3,51.76,49.42,49.95,3772100.0,191490000.0,50.42,600,50.4,200,50.39,1100,50.38,500,50.37,2100,50.43,100,50.44,700,50.45,1200,50.49,200,50.5,500,HOLD
1780019247423,09:47:24,50.45,50.3,51.76,49.42,49.95,3776900.0,191730000.0,50.44,12700,50.43,300,50.42,600,50.4,200,50.39,1100,50.49,200,50.5,500,50.51,1800,50.52,700,50.54,4600,HOLD
1780019250426,09:47:27,50.44,50.3,51.76,49.42,49.95,3777900.0,191780000.0,50.44,11700,50.43,300,50.42,600,50.4,200,50.39,1100,50.49,200,50.5,500,50.51,1800,50.52,700,50.54,4600,HOLD
1780019253437,09:47:30,50.49,50.3,51.76,49.42,49.95,3778300.0,191800000.0,50.49,300,50.45,600,50.44,11700,50.43,300,50.42,500,50.5,400,50.51,1800,50.52,700,50.54,1300,50.56,4400,HOLD
1780019259444,09:47:36,50.49,50.3,51.76,49.42,49.95,3778600.0,191820000.0,50.46,400,50.45,600,50.44,11800,50.43,300,50.42,300,50.49,500,50.5,400,50.51,1800,50.52,300,50.54,1300,HOLD
1780019262457,09:47:39,50.48,50.3,51.76,49.42,49.95,3778700.0,191820000.0,50.46,400,50.45,600,50.44,11800,50.43,300,50.42,500,50.48,200,50.49,1400,50.5,400,50.51,1800,50.52,300,HOLD
1780019268465,09:47:45,50.46,50.3,51.76,49.42,49.95,3779200.0,191850000.0,50.45,800,50.44,11800,50.43,300,50.42,500,50.4,200,50.46,100,50.48,200,50.49,1600,50.5,3200,50.51,1800,HOLD
1780019271474,09:47:48,50.45,50.3,51.76,49.42,49.95,3780200.0,191900000.0,50.45,300,50.44,11800,50.43,300,50.42,500,50.4,200,50.46,200,50.49,1600,50.5,3300,50.51,1800,50.52,300,HOLD
1780019274489,09:47:51,50.48,50.3,51.76,49.42,49.95,3782100.0,191990000.0,50.46,1200,50.44,11800,50.43,300,50.42,500,50.4,200,50.48,100,50.49,1600,50.5,3300,50.51,1800,50.52,300,HOLD
1780019277493,09:47:54,50.48,50.3,51.76,49.42,49.95,3782100.0,191990000.0,50.46,1700,50.45,100,50.44,11800,50.42,500,50.4,300,50.47,200,50.48,100,50.49,1600,50.5,3400,50.51,1800,HOLD
1780019280494,09:47:57,50.46,50.3,51.76,49.42,49.95,3782200.0,192000000.0,50.46,1600,50.45,100,50.44,11800,50.42,500,50.4,300,50.47,900,50.48,1900,50.49,1400,50.5,3500,50.51,1800,HOLD
1780019286504,09:48:03,50.46,50.3,51.76,49.42,49.95,3787400.0,192260000.0,50.45,100,50.44,9100,50.42,500,50.4,300,50.39,800,50.46,1500,50.47,900,50.48,2500,50.49,800,50.5,3500,HOLD
1780019289505,09:48:06,50.46,50.3,51.76,49.42,49.95,3787400.0,192260000.0,50.45,100,50.44,9100,50.42,500,50.4,300,50.39,800,50.46,2200,50.47,600,50.48,2500,50.49,800,50.5,3500,HOLD
1780019292508,09:48:09,50.45,50.3,51.76,49.42,49.95,3788700.0,192330000.0,50.45,800,50.44,9100,50.42,500,50.4,300,50.39,800,50.46,5200,50.47,600,50.48,2500,50.49,800,50.5,3500,HOLD
1780019295514,09:48:12,50.45,50.3,51.76,49.42,49.95,3789800.0,192380000.0,50.45,100,50.44,9100,50.42,500,50.4,300,50.39,800,50.46,5400,50.47,600,50.48,2500,50.49,800,50.5,4500,HOLD
1780019298517,09:48:15,50.45,50.3,51.76,49.42,49.95,3797100.0,192750000.0,50.44,9200,50.42,500,50.4,300,50.39,800,50.38,500,50.45,1700,50.46,1700,50.47,600,50.48,2500,50.49,800,HOLD
1780019301531,09:48:18,50.45,50.3,51.76,49.42,49.95,3799100.0,192850000.0,50.44,9300,50.42,500,50.4,800,50.39,800,50.38,500,50.45,900,50.46,1800,50.47,600,50.48,2500,50.49,800,HOLD
1780019304537,09:48:21,50.45,50.3,51.76,49.42,49.95,3800100.0,192900000.0,50.44,9100,50.42,500,50.4,800,50.39,800,50.38,500,50.45,1100,50.46,1800,50.47,600,50.48,2500,50.49,800,HOLD
1780019307547,09:48:24,50.44,50.3,51.76,49.42,49.95,3801100.0,192950000.0,50.44,8100,50.42,500,50.4,800,50.39,800,50.38,500,50.45,2500,50.46,1800,50.47,600,50.48,2500,50.49,800,HOLD
1780019310557,09:48:27,50.44,50.3,51.76,49.42,49.95,3809200.0,193360000.0,50.42,500,50.4,800,50.39,800,50.38,500,50.37,2100,50.44,700,50.45,2500,50.46,1800,50.47,600,50.48,2500,HOLD
1780019313559,09:48:30,50.45,50.3,51.76,49.42,49.95,3813800.0,193590000.0,50.45,3500,50.44,200,50.43,700,50.42,400,50.4,800,50.46,1800,50.47,600,50.48,2500,50.49,800,50.5,4500,HOLD
1780019316576,09:48:33,50.46,50.3,51.76,49.42,49.95,3819800.0,193900000.0,50.46,6100,50.45,3600,50.44,200,50.43,700,50.42,400,50.47,400,50.48,1800,50.49,800,50.5,4500,50.51,1800,HOLD
1780019319589,09:48:36,50.47,50.3,51.76,49.42,49.95,3820000.0,193910000.0,50.46,6500,50.45,3600,50.44,200,50.43,700,50.42,400,50.47,200,50.48,1800,50.49,800,50.5,4500,50.51,1800,HOLD
1780019322595,09:48:39,50.47,50.3,51.76,49.42,49.95,3820600.0,193940000.0,50.47,100,50.46,2000,50.45,3600,50.44,200,50.43,1100,50.48,1800,50.49,800,50.5,4500,50.51,1800,50.54,1300,HOLD
1780019325596,09:48:42,50.47,50.3,51.76,49.42,49.95,3820700.0,193940000.0,50.47,200,50.46,2000,50.45,3600,50.44,200,50.43,1100,50.48,1800,50.49,800,50.5,4600,50.51,1800,50.54,1300,HOLD
1780019328600,09:48:45,50.45,50.3,51.76,49.42,49.95,3827200.0,194270000.0,50.44,200,50.43,1100,50.42,400,50.41,600,50.4,900,50.45,200,50.46,8700,50.47,9400,50.48,1800,50.49,800,HOLD
1780019331599,09:48:48,50.4,50.3,51.76,49.42,49.95,3830000.0,194410000.0,50.4,500,50.39,800,50.38,500,50.37,2100,50.34,2100,50.41,400,50.42,1300,50.43,700,50.44,2000,50.45,500,HOLD
1780019334605,09:48:51,50.37,50.3,51.76,49.42,49.95,3832200.0,194520000.0,50.37,1700,50.34,2100,50.33,6000,50.3,2300,50.27,5900,50.38,300,50.39,300,50.4,100,50.41,500,50.42,600,HOLD
1780019337619,09:48:54,50.37,50.3,51.76,49.42,49.95,3832900.0,194560000.0,50.37,1000,50.34,2100,50.33,6000,50.3,2300,50.27,5900,50.38,400,50.39,300,50.4,100,50.41,400,50.43,200,HOLD
1780019340626,09:48:57,50.37,50.3,51.76,49.42,49.95,3833400.0,194580000.0,50.37,500,50.34,2100,50.33,6000,50.3,2300,50.27,5900,50.38,400,50.39,300,50.4,300,50.41,400,50.43,100,HOLD
1780019343626,09:49:00,50.37,50.3,51.76,49.42,49.95,3833900.0,194610000.0,50.34,2100,50.33,6000,50.3,2300,50.27,5900,50.24,6000,50.35,200,50.36,400,50.37,10700,50.38,400,50.39,300,HOLD
1780019346630,09:49:03,50.37,50.3,51.76,49.42,49.95,3837500.0,194790000.0,50.33,6000,50.3,2300,50.27,5900,50.24,6000,50.23,6400,50.37,11200,50.38,400,50.39,300,50.4,200,50.41,200,HOLD
1780019349638,09:49:06,50.37,50.3,51.76,49.42,49.95,3838400.0,194830000.0,50.33,6000,50.3,2300,50.27,5900,50.24,6000,50.23,6400,50.37,10300,50.38,400,50.39,300,50.4,100,50.41,200,HOLD
1780019352644,09:49:09,50.37,50.3,51.76,49.42,49.95,3838800.0,194850000.0,50.33,5700,50.3,2300,50.27,5900,50.24,6000,50.23,6400,50.37,10200,50.38,400,50.39,300,50.4,200,50.41,200,HOLD
1780019355652,09:49:12,50.35,50.3,51.76,49.42,49.95,3838900.0,194860000.0,50.35,7600,50.33,5700,50.3,2300,50.27,5900,50.24,6000,50.37,10400,50.38,400,50.39,300,50.4,300,50.41,200,HOLD
1780019358660,09:49:15,50.37,50.3,51.76,49.42,49.95,3841100.0,194970000.0,50.36,100,50.35,7500,50.33,5700,50.3,2300,50.27,5900,50.37,8300,50.38,400,50.4,300,50.41,200,50.45,200,HOLD
1780019361661,09:49:18,50.35,50.3,51.76,49.42,49.95,3844100.0,195120000.0,50.35,4600,50.34,200,50.33,5700,50.3,2300,50.27,5900,50.37,8300,50.38,400,50.4,300,50.41,200,50.45,200,HOLD
1780019364674,09:49:21,50.35,50.3,51.76,49.42,49.95,3845300.0,195180000.0,50.35,4100,50.34,200,50.33,5700,50.3,2300,50.27,5900,50.37,7900,50.38,400,50.4,300,50.41,200,50.45,200,HOLD
1780019367683,09:49:24,50.36,50.3,51.76,49.42,49.95,3847400.0,195290000.0,50.36,500,50.35,3000,50.34,200,50.33,5700,50.3,2300,50.37,8000,50.38,400,50.4,200,50.41,200,50.45,100,HOLD
1780019370693,09:49:27,50.35,50.3,51.76,49.42,49.95,3849000.0,195370000.0,50.35,2300,50.34,200,50.33,5700,50.3,2300,50.27,5900,50.36,900,50.37,11600,50.38,400,50.4,200,50.41,200,HOLD
1780019373704,09:49:30,50.3,50.3,51.76,49.42,49.95,3859800.0,195910000.0,50.27,5900,50.25,100,50.24,6000,50.23,6400,50.22,200,50.3,400,50.31,800,50.32,200,50.34,700,50.35,1700,HOLD
1780019376709,09:49:33,50.22,50.3,51.76,49.42,49.95,3878900.0,196870000.0,50.18,20000,50.17,200,50.12,4100,50.09,100,50.06,400,50.23,6300,50.24,1200,50.25,1400,50.26,300,50.27,1200,HOLD
1780019379711,09:49:36,50.17,50.3,51.76,49.42,49.95,3899700.0,197910000.0,50.12,4100,50.09,100,50.06,400,50.05,500,50.03,1000,50.17,800,50.2,300,50.21,2600,50.22,300,50.23,6300,HOLD
1780019385717,09:49:42,50.08,50.3,51.76,49.42,49.95,3904800.0,198170000.0,50.05,400,50.03,1000,50.01,6400,50.0,7100,49.99,600,50.08,200,50.09,200,50.11,1500,50.12,1500,50.15,600,HOLD
1780019388727,09:49:45,50.05,50.3,51.76,49.42,49.95,3905200.0,198190000.0,50.03,1000,50.01,6400,50.0,7100,49.99,600,49.95,1100,50.06,800,50.07,100,50.08,300,50.09,100,50.11,300,HOLD
1780019391728,09:49:48,50.01,50.3,51.76,49.42,49.95,3917400.0,198800000.0,50.01,6000,50.0,7100,49.99,600,49.95,1100,49.94,200,50.02,100,50.03,1100,50.05,100,50.19,1000,50.2,12400,HOLD
1780019394731,09:49:51,50.01,50.3,51.76,49.42,49.95,3918600.0,198860000.0,50.01,5500,50.0,8100,49.99,600,49.95,1100,49.94,200,50.02,100,50.03,1400,50.05,300,50.19,1000,50.2,10000,HOLD
1780019397737,09:49:54,50.05,50.3,51.76,49.42,49.95,3922600.0,199060000.0,50.06,100,50.05,100,50.04,100,50.03,800,50.02,3200,50.18,1400,50.19,1000,50.2,10000,50.21,1400,50.22,100,HOLD
1780019400753,09:49:57,50.02,50.3,51.76,49.42,49.95,3925100.0,199190000.0,50.02,2000,50.01,5800,50.0,44900,49.99,600,49.95,1100,50.11,200,50.18,1900,50.19,1000,50.2,10000,50.21,1400,HOLD
1780019406774,09:50:03,50.11,50.3,51.76,49.42,49.95,3926600.0,199260000.0,50.03,500,50.02,3700,50.01,5900,50.0,45100,49.99,600,50.11,3200,50.18,1900,50.2,10000,50.21,1400,50.22,100,HOLD
1780019409776,09:50:06,50.03,50.3,51.76,49.42,49.95,3927000.0,199280000.0,50.03,2400,50.02,3700,50.01,6400,50.0,45200,49.95,1100,50.1,1900,50.11,3000,50.18,1900,50.2,10000,50.21,1400,HOLD
1780019412783,09:50:09,50.04,50.3,51.76,49.42,49.95,3929100.0,199390000.0,50.04,2100,50.03,1000,50.02,4200,50.01,8900,50.0,45200,50.08,400,50.09,600,50.1,1800,50.11,3100,50.18,1900,HOLD
1780019415792,09:50:12,49.92,50.3,51.76,49.42,49.95,3992200.0,202540000.0,49.92,1300,49.9,1500,49.89,300,49.88,1000,49.87,1000,49.94,1900,49.95,700,49.96,1600,49.98,2300,50.0,2300,HOLD
1780019418816,09:50:15,49.93,50.3,51.76,49.42,49.95,3995400.0,202700000.0,49.92,500,49.9,1500,49.89,300,49.88,1000,49.87,1000,49.93,1700,49.94,1100,49.95,700,49.98,2300,50.0,1400,HOLD
1780019421799,09:50:18,49.9,50.3,51.76,49.42,49.95,3997000.0,202780000.0,49.9,1300,49.89,300,49.88,1000,49.87,1000,49.85,1900,49.91,100,49.92,3300,49.93,900,49.94,1100,49.95,700,HOLD
1780019424802,09:50:21,49.9,50.3,51.76,49.42,49.95,4000900.0,202980000.0,49.9,3200,49.88,600,49.87,1000,49.85,1900,49.82,1100,49.91,700,49.92,3400,49.93,400,49.94,1000,49.95,700,HOLD
1780019430826,09:50:27,49.85,50.3,51.76,49.42,49.95,4008900.0,203380000.0,49.82,1100,49.81,200,49.8,2900,49.75,500,49.7,1500,49.86,2500,49.87,600,49.88,2000,49.89,1000,49.9,1500,HOLD
1780019433836,09:50:30,49.82,50.3,51.76,49.42,49.95,4013100.0,203580000.0,49.85,200,49.82,1000,49.81,200,49.8,2900,49.75,500,49.87,300,49.88,1000,49.89,1000,49.9,1500,49.91,2500,HOLD
1780019436840,09:50:33,49.81,50.3,51.76,49.42,49.95,4014800.0,203670000.0,49.8,2900,49.75,500,49.7,1500,49.69,700,49.68,100,49.81,600,49.82,1700,49.87,600,49.88,1000,49.89,1000,HOLD
1780019439842,09:50:36,49.8,50.3,51.76,49.42,49.95,4015500.0,203700000.0,49.8,2600,49.75,500,49.7,1500,49.69,200,49.68,100,49.81,300,49.82,1700,49.85,1000,49.87,600,49.88,3600,HOLD
1780019442847,09:50:39,49.8,50.3,51.76,49.42,49.95,4019700.0,203910000.0,49.75,500,49.7,3500,49.69,200,49.68,100,49.63,6000,49.8,1400,49.81,4900,49.82,700,49.85,1100,49.87,600,HOLD
1780019445855,09:50:42,49.85,50.3,51.76,49.42,49.95,4026600.0,204260000.0,49.82,700,49.8,7000,49.78,100,49.76,100,49.75,800,49.84,1300,49.85,500,49.87,500,49.88,3400,49.89,1000,HOLD
1780019448864,09:50:45,49.84,50.3,51.76,49.42,49.95,4028700.0,204360000.0,49.84,4200,49.83,800,49.82,300,49.8,7600,49.76,100,49.87,500,49.88,2700,49.89,1000,49.9,900,49.91,900,HOLD
1780019451876,09:50:48,49.86,50.3,51.76,49.42,49.95,4032400.0,204550000.0,49.84,3700,49.83,700,49.82,300,49.8,9100,49.76,100,49.88,2700,49.89,1000,49.9,900,49.91,900,49.92,3200,HOLD
1780019454875,09:50:51,49.94,50.3,51.76,49.42,49.95,4045100.0,205180000.0,49.91,800,49.9,400,49.88,700,49.87,100,49.85,300,49.94,500,50.02,300,50.04,2800,50.06,100,50.1,100,HOLD
1780019457880,09:50:54,49.94,50.3,51.76,49.42,49.95,4046000.0,205230000.0,49.94,1000,49.93,1000,49.91,400,49.9,7600,49.88,1300,49.98,600,50.02,300,50.04,2800,50.06,100,50.1,100,HOLD
1780019463896,09:51:00,50.03,50.3,51.76,49.42,49.95,4054600.0,205660000.0,50.01,200,50.0,2800,49.99,500,49.98,2500,49.94,400,50.03,2400,50.04,800,50.05,100,50.06,600,50.07,100,HOLD
1780019466904,09:51:03,50.0,50.3,51.76,49.42,49.95,4057900.0,205820000.0,50.0,300,49.99,500,49.98,600,49.94,400,49.93,1000,50.01,500,50.02,1100,50.03,2500,50.04,800,50.05,100,HOLD
1780019469909,09:51:06,49.98,50.3,51.76,49.42,49.95,4060100.0,205930000.0,49.94,2500,49.93,1000,49.9,7200,49.88,300,49.86,200,50.0,100,50.01,1000,50.02,1100,50.03,3500,50.04,800,HOLD
1780019472922,09:51:09,50.03,50.3,51.76,49.42,49.95,4073700.0,206610000.0,49.94,2300,49.9,7200,49.88,300,49.86,200,49.85,300,49.97,200,49.99,1100,50.0,1500,50.02,2400,50.03,1500,HOLD
1780019475923,09:51:12,50.09,50.3,51.76,49.42,49.95,4077100.0,206780000.0,50.05,100,49.95,2300,49.94,2000,49.9,7200,49.88,300,50.09,400,50.1,100,50.11,3000,50.18,600,50.2,1000,HOLD
1780019478931,09:51:15,50.08,50.3,51.76,49.42,49.95,4078400.0,206850000.0,50.0,600,49.97,5000,49.94,2000,49.9,7200,49.88,300,50.09,400,50.1,100,50.11,3000,50.18,600,50.2,1000,HOLD
1780019481937,09:51:18,50.22,50.3,51.76,49.42,49.95,4082800.0,207070000.0,50.18,200,50.14,400,50.13,1000,50.12,9100,50.11,6100,50.27,100,50.3,2100,50.35,200,50.37,10900,50.4,700,HOLD
1780019484939,09:51:21,50.27,50.3,51.76,49.42,49.95,4083200.0,207090000.0,50.18,1000,50.14,100,50.13,1000,50.12,9100,50.11,3100,50.26,400,50.27,200,50.3,2100,50.35,200,50.37,10900,HOLD
1780019487948,09:51:24,50.3,50.3,51.76,49.42,49.95,4086000.0,207230000.0,50.3,4900,50.26,1300,50.2,400,50.19,100,50.18,100,50.35,200,50.37,10900,50.4,700,50.47,9000,50.48,1700,HOLD
1780019490958,09:51:27,50.37,50.3,51.76,49.42,49.95,4097200.0,207790000.0,50.36,400,50.35,900,50.3,4900,50.27,100,50.26,1400,50.39,1000,50.4,700,50.47,9000,50.48,1700,50.49,500,HOLD
1780019493962,09:51:30,50.4,50.3,51.76,49.42,49.95,4098900.0,207880000.0,50.4,200,50.39,1400,50.35,900,50.3,5000,50.27,100,50.47,8900,50.48,1700,50.49,500,50.5,1500,50.51,1000,HOLD
1780019496975,09:51:33,50.19,50.3,51.76,49.42,49.95,4107300.0,208300000.0,50.18,100,50.09,200,50.03,13900,50.01,200,50.0,300,50.3,200,50.39,1500,50.4,200,50.43,200,50.46,300,HOLD
1780019499977,09:51:36,50.3,50.3,51.76,49.42,49.95,4107400.0,208300000.0,50.18,100,50.09,200,50.03,13900,50.01,200,50.0,400,50.29,300,50.3,200,50.37,300,50.39,1500,50.4,200,HOLD
1780019502979,09:51:39,50.34,50.3,51.76,49.42,49.95,4117900.0,208830000.0,50.18,9700,50.16,700,50.14,1600,50.11,100,50.1,100,50.3,1100,50.31,500,50.32,900,50.33,1800,50.34,1500,HOLD
1780019505983,09:51:42,50.3,50.3,51.76,49.42,49.95,4120800.0,208980000.0,50.22,100,50.21,700,50.2,4400,50.19,200,50.18,9700,50.31,500,50.33,900,50.4,1100,50.41,1600,50.42,700,HOLD
1780019508988,09:51:45,50.4,50.3,51.76,49.42,49.95,4123900.0,209140000.0,50.4,200,50.35,900,50.31,900,50.3,500,50.22,100,50.46,300,50.47,4300,50.48,1700,50.49,500,50.5,1500,HOLD
1780019511996,09:51:48,50.4,50.3,51.76,49.42,49.95,4123900.0,209140000.0,50.31,100,50.3,500,50.22,100,50.21,700,50.2,7600,50.45,100,50.46,300,50.47,4300,50.48,1700,50.49,500,HOLD
1780019515000,09:51:51,50.37,50.3,51.76,49.42,49.95,4124300.0,209160000.0,50.31,2000,50.3,500,50.22,100,50.21,700,50.2,7000,50.4,100,50.43,200,50.44,300,50.45,800,50.46,300,HOLD
1780019518002,09:51:54,50.4,50.3,51.76,49.42,49.95,4124500.0,209170000.0,50.32,200,50.31,2000,50.3,500,50.22,100,50.21,500,50.4,3300,50.43,200,50.44,300,50.45,800,50.46,300,HOLD
1780019521013,09:51:57,50.39,50.3,51.76,49.42,49.95,4125400.0,209210000.0,50.32,200,50.31,2000,50.3,500,50.22,100,50.21,500,50.39,100,50.4,17700,50.43,200,50.44,300,50.45,800,HOLD
1780019524018,09:52:00,50.39,50.3,51.76,49.42,49.95,4126800.0,209280000.0,50.32,200,50.31,2000,50.3,500,50.22,100,50.21,500,50.38,1600,50.39,400,50.4,17700,50.43,200,50.44,300,HOLD
1780019527030,09:52:03,50.4,50.3,51.76,49.42,49.95,4133500.0,209620000.0,50.39,100,50.32,200,50.31,2000,50.3,500,50.22,100,50.4,15200,50.43,200,50.44,300,50.45,600,50.46,100,HOLD
1780019530045,09:52:06,50.38,50.3,51.76,49.42,49.95,4133800.0,209630000.0,50.32,200,50.31,2000,50.3,500,50.22,100,50.21,500,50.37,100,50.38,500,50.39,200,50.4,15200,50.43,200,HOLD
1780019533066,09:52:09,50.32,50.3,51.76,49.42,49.95,4134100.0,209650000.0,50.31,2000,50.3,500,50.22,100,50.21,500,50.2,3000,50.32,100,50.33,1000,50.37,300,50.38,500,50.39,1100,HOLD
1780019536073,09:52:12,50.4,50.3,51.76,49.42,49.95,4147600.0,210330000.0,50.33,200,50.32,100,50.31,1800,50.3,500,50.22,100,50.39,1300,50.4,5300,50.43,200,50.44,300,50.45,500,HOLD
1780019539075,09:52:15,50.4,50.3,51.76,49.42,49.95,4147600.0,210330000.0,50.35,100,50.33,200,50.31,1800,50.3,500,50.22,100,50.39,1600,50.4,5300,50.43,200,50.44,300,50.45,500,HOLD
1780019542082,09:52:18,50.39,50.3,51.76,49.42,49.95,4148400.0,210370000.0,50.33,1000,50.32,100,50.31,1800,50.3,500,50.22,100,50.39,1300,50.4,5300,50.43,200,50.44,300,50.45,500,HOLD
1780019545086,09:52:21,50.39,50.3,51.76,49.42,49.95,4148700.0,210390000.0,50.33,1000,50.31,1800,50.3,500,50.22,100,50.21,500,50.39,1400,50.4,5300,50.43,200,50.44,300,50.45,500,HOLD
1780019548103,09:52:24,50.51,50.3,51.76,49.42,49.95,4167500.0,211330000.0,50.5,300,50.47,4800,50.46,500,50.45,100,50.44,100,50.55,1000,50.56,3100,50.59,5000,50.6,500,50.63,1100,HOLD
1780019551103,09:52:27,50.5,50.3,51.76,49.42,49.95,4168800.0,211400000.0,50.55,2000,50.5,100,50.47,3800,50.46,500,50.41,23300,50.56,3100,50.59,5000,50.6,500,50.63,1100,50.64,1000,HOLD
1780019554114,09:52:30,50.56,50.3,51.76,49.42,49.95,4172700.0,211600000.0,50.56,3300,50.55,1900,50.5,100,50.47,3800,50.46,500,50.58,100,50.59,5000,50.6,500,50.63,1100,50.64,1000,HOLD
1780019557124,09:52:33,50.56,50.3,51.76,49.42,49.95,4173600.0,211640000.0,50.56,4600,50.5,100,50.47,3800,50.46,500,50.39,600,50.58,1300,50.59,5000,50.6,1700,50.63,1100,50.64,1000,HOLD
1780019560126,09:52:36,50.5,50.3,51.76,49.42,49.95,4175700.0,211750000.0,50.47,3800,50.46,500,50.39,600,50.33,1000,50.31,1800,50.57,200,50.58,1300,50.59,5000,50.6,1700,50.63,1100,HOLD
1780019563140,09:52:39,50.56,50.3,51.76,49.42,49.95,4176000.0,211760000.0,50.39,1100,50.38,1600,50.33,1000,50.3,500,50.22,100,50.56,700,50.57,400,50.58,1300,50.59,5000,50.6,600,HOLD
1780019566144,09:52:42,50.57,50.3,51.76,49.42,49.95,4183500.0,212140000.0,50.45,4200,50.44,1600,50.43,1900,50.42,5000,50.41,1600,50.55,300,50.59,400,50.6,600,50.63,1100,50.64,1000,HOLD
1780019569141,09:52:45,50.56,50.3,51.76,49.42,49.95,4185200.0,212230000.0,50.56,2000,50.51,6000,50.5,400,50.48,5600,50.47,6800,50.6,1800,50.63,1100,50.64,1000,50.65,7300,50.68,300,HOLD
1780019572145,09:52:48,50.56,50.3,51.76,49.42,49.95,4188800.0,212410000.0,50.51,6000,50.5,400,50.48,5600,50.47,6800,50.46,100,50.56,500,50.57,1200,50.6,1800,50.63,1100,50.64,1000,HOLD
1780019575159,09:52:51,50.6,50.3,51.76,49.42,49.95,4192300.0,212590000.0,50.56,200,50.51,6000,50.5,400,50.48,5600,50.47,6800,50.59,300,50.6,200,50.63,2200,50.64,1000,50.65,7300,HOLD
1780019578161,09:52:54,50.59,50.3,51.76,49.42,49.95,4193300.0,212640000.0,50.57,5200,50.56,2700,50.51,6000,50.5,400,50.48,5700,50.63,2200,50.64,1000,50.65,7300,50.68,300,50.69,400,HOLD
1780019581171,09:52:57,50.66,50.3,51.76,49.42,49.95,4206700.0,213320000.0,50.66,9100,50.65,1600,50.63,300,50.61,6000,50.6,2700,50.67,500,50.68,1100,50.69,500,50.7,30200,50.71,100,HOLD
1780019584187,09:53:00,50.68,50.3,51.76,49.42,49.95,4207900.0,213380000.0,50.66,9100,50.65,1600,50.63,300,50.61,6000,50.6,2700,50.68,400,50.69,600,50.7,30200,50.71,100,50.78,800,HOLD
1780019587188,09:53:03,50.67,50.3,51.76,49.42,49.95,4208900.0,213430000.0,50.67,900,50.66,9000,50.65,100,50.63,500,50.61,6000,50.69,1500,50.7,30200,50.71,100,50.78,800,50.79,800,HOLD
1780019590190,09:53:06,50.59,50.3,51.76,49.42,49.95,4220100.0,214000000.0,50.56,2500,50.51,6000,50.48,5700,50.46,100,50.45,4300,50.6,400,50.63,1100,50.65,300,50.66,600,50.67,9200,HOLD
1780019593199,09:53:09,50.56,50.3,51.76,49.42,49.95,4223300.0,214160000.0,50.56,300,50.51,6000,50.48,5700,50.46,100,50.45,4300,50.59,100,50.6,200,50.63,700,50.65,300,50.66,900,HOLD
1780019596211,09:53:12,50.6,50.3,51.76,49.42,49.95,4225300.0,214260000.0,50.49,4900,50.48,7400,50.46,100,50.45,4300,50.43,1300,50.56,1000,50.58,600,50.63,700,50.65,300,50.66,1100,HOLD
1780019599227,09:53:15,50.67,50.3,51.76,49.42,49.95,4229300.0,214460000.0,50.49,4900,50.48,7400,50.46,1000,50.45,4300,50.43,1300,50.56,5000,50.62,1700,50.63,400,50.64,900,50.65,200,HOLD
1780019602234,09:53:18,50.56,50.3,51.76,49.42,49.95,4230600.0,214530000.0,50.48,100,50.46,5000,50.45,100,50.43,1300,50.39,200,50.49,1000,50.56,6500,50.6,500,50.62,1700,50.63,400,HOLD
1780019605237,09:53:21,50.46,50.3,51.76,49.42,49.95,4234100.0,214700000.0,50.46,1600,50.45,100,50.43,1300,50.39,200,50.38,1600,50.48,7100,50.49,1100,50.55,200,50.56,6500,50.6,500,HOLD
1780019608250,09:53:24,50.45,50.3,51.76,49.42,49.95,4235800.0,214790000.0,50.43,1300,50.39,200,50.38,1600,50.3,600,50.22,100,50.46,3800,50.48,7100,50.49,1100,50.51,100,50.55,200,HOLD
1780019611256,09:53:27,50.46,50.3,51.76,49.42,49.95,4236700.0,214840000.0,50.43,800,50.39,200,50.38,1600,50.3,600,50.22,100,50.45,1000,50.46,3600,50.48,4600,50.49,1000,50.55,200,HOLD
1780019614271,09:53:30,50.43,50.3,51.76,49.42,49.95,4237600.0,214880000.0,50.39,200,50.38,1600,50.3,600,50.22,100,50.21,100,50.44,100,50.45,200,50.46,200,50.48,4600,50.49,1000,HOLD
1780019617284,09:53:33,50.48,50.3,51.76,49.42,49.95,4238800.0,214940000.0,50.39,200,50.38,1600,50.3,600,50.22,100,50.21,100,50.4,100,50.48,4100,50.49,1000,50.5,1100,50.55,200,HOLD
1780019620293,09:53:36,50.39,50.3,51.76,49.42,49.95,4239000.0,214950000.0,50.38,1600,50.3,600,50.22,100,50.21,100,50.13,200,50.39,300,50.4,100,50.43,7400,50.48,4100,50.49,1000,HOLD
1780019623299,09:53:39,50.43,50.3,51.76,49.42,49.95,4242000.0,215100000.0,50.39,900,50.32,600,50.31,200,50.3,600,50.22,100,50.43,6800,50.48,4500,50.49,1000,50.5,1100,50.55,200,HOLD
1780019626301,09:53:42,50.39,50.3,51.76,49.42,49.95,4242500.0,215130000.0,50.39,600,50.3,600,50.22,100,50.21,100,50.13,200,50.42,300,50.43,6800,50.46,1000,50.48,4500,50.49,1000,HOLD
1780019629304,09:53:45,50.39,50.3,51.76,49.42,49.95,4243100.0,215160000.0,50.39,700,50.34,1200,50.3,600,50.22,100,50.21,100,50.42,3500,50.43,6800,50.46,1000,50.48,4500,50.49,1000,HOLD
1780019632308,09:53:48,50.39,50.3,51.76,49.42,49.95,4244400.0,215220000.0,50.39,400,50.34,1200,50.3,600,50.22,100,50.21,100,50.42,3500,50.43,6800,50.46,1000,50.48,4500,50.49,1000,HOLD
1780019635313,09:53:51,50.42,50.3,51.76,49.42,49.95,4246400.0,215320000.0,50.41,14600,50.39,1600,50.34,1200,50.3,600,50.22,400,50.42,7400,50.43,6800,50.46,1000,50.48,4500,50.49,1000,HOLD
1780019638313,09:53:54,50.42,50.3,51.76,49.42,49.95,4247200.0,215360000.0,50.41,14600,50.39,1700,50.34,1200,50.3,600,50.22,400,50.42,6600,50.46,1000,50.48,4500,50.49,1000,50.5,2000,HOLD
1780019641323,09:53:57,50.42,50.3,51.76,49.42,49.95,4255100.0,215760000.0,50.42,4800,50.41,14700,50.39,1700,50.34,1200,50.3,600,50.45,1400,50.46,1000,50.48,4500,50.49,1000,50.5,2000,HOLD
1780019644336,09:54:00,50.45,50.3,51.76,49.42,49.95,4256100.0,215810000.0,50.43,700,50.42,4800,50.41,14700,50.39,1900,50.38,100,50.45,600,50.46,2500,50.48,4500,50.49,1000,50.5,2000,HOLD
1780019647348,09:54:03,50.42,50.3,51.76,49.42,49.95,4261000.0,216060000.0,50.42,700,50.41,14700,50.39,1900,50.38,100,50.34,1200,50.45,500,50.46,2500,50.48,4500,50.49,1000,50.5,2000,HOLD
1780019650365,09:54:06,50.42,50.3,51.76,49.42,49.95,4261700.0,216100000.0,50.41,100,50.39,1900,50.38,100,50.34,1200,50.33,17000,50.42,200,50.43,200,50.44,200,50.45,1600,50.46,2500,HOLD
1780019653367,09:54:09,50.47,50.3,51.76,49.42,49.95,4272700.0,216650000.0,50.47,1800,50.42,1500,50.39,1700,50.38,100,50.34,1200,50.48,4600,50.49,1000,50.5,2000,50.55,200,50.56,6500,HOLD
1780019656368,09:54:12,50.39,50.3,51.76,49.42,49.95,4277700.0,216900000.0,50.38,100,50.34,1200,50.33,17000,50.3,600,50.22,400,50.39,26800,50.44,200,50.45,500,50.46,300,50.47,2100,HOLD
1780019659381,09:54:15,50.38,50.3,51.76,49.42,49.95,4281100.0,217070000.0,50.34,300,50.33,17000,50.3,600,50.22,400,50.21,100,50.38,400,50.39,25300,50.44,200,50.45,500,50.47,2900,HOLD
1780019662385,09:54:18,50.38,50.3,51.76,49.42,49.95,4281100.0,217070000.0,50.34,300,50.33,17000,50.3,600,50.22,400,50.21,100,50.38,400,50.39,25300,50.44,200,50.45,500,50.47,1800,HOLD
1780019665389,09:54:21,50.34,50.3,51.76,49.42,49.95,4281500.0,217090000.0,50.33,17000,50.3,600,50.22,400,50.21,100,50.13,200,50.34,500,50.38,400,50.39,25300,50.44,500,50.45,500,HOLD
1780019668393,09:54:24,50.33,50.3,51.76,49.42,49.95,4282100.0,217120000.0,50.33,16400,50.3,600,50.22,400,50.21,100,50.13,200,50.34,13500,50.38,500,50.39,25300,50.44,200,50.45,500,HOLD
1780019671407,09:54:27,50.3,50.3,51.76,49.42,49.95,4299300.0,217990000.0,50.22,300,50.13,200,50.1,1500,50.05,100,50.03,13900,50.32,300,50.33,600,50.34,13200,50.38,600,50.39,25300,HOLD
1780019674411,09:54:30,50.3,50.3,51.76,49.42,49.95,4299300.0,217990000.0,50.22,300,50.13,200,50.1,1500,50.05,100,50.03,13900,50.3,1000,50.31,500,50.32,400,50.33,600,50.34,13200,HOLD
1780019677420,09:54:33,50.22,50.3,51.76,49.42,49.95,4299600.0,218000000.0,50.13,200,50.1,1400,50.05,100,50.03,13900,50.0,2700,50.22,300,50.29,100,50.3,1000,50.31,500,50.32,400,HOLD
1780019680435,09:54:36,50.22,50.3,51.76,49.42,49.95,4299600.0,218000000.0,50.13,200,50.1,1400,50.05,100,50.03,13900,50.0,2700,50.22,400,50.29,100,50.3,3500,50.31,500,50.32,400,HOLD
1780019683439,09:54:39,50.13,50.3,51.76,49.42,49.95,4299700.0,218010000.0,50.13,200,50.1,1400,50.05,100,50.03,13900,50.0,2600,50.2,1200,50.21,500,50.22,200,50.29,100,50.3,2600,HOLD
1780019686448,09:54:42,50.13,50.3,51.76,49.42,49.95,4299900.0,218020000.0,50.1,1400,50.05,100,50.03,13900,50.0,2600,49.99,600,50.12,100,50.13,1300,50.19,100,50.2,1200,50.21,500,HOLD
1780019689463,09:54:45,50.19,50.3,51.76,49.42,49.95,4302600.0,218160000.0,50.14,900,50.1,200,50.05,100,50.0,2600,49.97,6900,50.2,1200,50.21,500,50.22,300,50.3,2100,50.31,500,HOLD
1780019692479,09:54:48,50.14,50.3,51.76,49.42,49.95,4303300.0,218190000.0,50.14,200,50.1,200,50.05,100,50.0,2600,49.97,6900,50.2,6000,50.21,400,50.22,300,50.3,2100,50.31,500,HOLD
1780019695478,09:54:51,50.14,50.3,51.76,49.42,49.95,4303600.0,218210000.0,50.14,100,50.1,800,50.05,100,50.0,2600,49.97,6900,50.19,500,50.2,6000,50.21,300,50.22,300,50.3,2100,HOLD
1780019698493,09:54:54,50.19,50.3,51.76,49.42,49.95,4315000.0,218780000.0,50.12,300,50.11,600,50.1,3200,50.05,700,50.0,2600,50.2,1500,50.21,300,50.22,300,50.3,2100,50.31,600,HOLD
1780019701500,09:54:57,50.2,50.3,51.76,49.42,49.95,4315400.0,218800000.0,50.12,300,50.11,1100,50.1,3200,50.05,700,50.0,2600,50.14,7500,50.2,1100,50.21,300,50.22,300,50.3,2100,HOLD
1780019704504,09:55:00,50.29,50.3,51.76,49.42,49.95,4325100.0,219280000.0,50.25,300,50.24,100,50.23,500,50.22,30700,50.2,100,50.29,1300,50.3,1800,50.31,100,50.32,300,50.33,100,HOLD
1780019707513,09:55:03,50.31,50.3,51.76,49.42,49.95,4329000.0,219480000.0,50.31,200,50.3,600,50.29,300,50.26,200,50.22,30700,50.34,5500,50.38,200,50.39,25300,50.44,300,50.45,500,HOLD
1780019710514,09:55:06,50.22,50.3,51.76,49.42,49.95,4332200.0,219640000.0,50.22,30500,50.2,100,50.19,1600,50.13,100,50.11,500,50.34,3900,50.38,200,50.39,25300,50.44,300,50.45,500,HOLD
1780019713523,09:55:09,50.34,50.3,51.76,49.42,49.95,4332600.0,219660000.0,50.31,400,50.22,30500,50.2,100,50.19,1600,50.13,100,50.34,3800,50.38,200,50.39,25300,50.44,300,50.47,600,HOLD
1780019716534,09:55:15,50.33,50.3,51.76,49.42,49.95,4341500.0,220110000.0,50.31,700,50.3,200,50.29,100,50.23,200,50.22,30300,50.34,3800,50.38,200,50.39,25300,50.44,300,50.47,600,HOLD
1780019722539,09:55:18,50.34,50.3,51.76,49.42,49.95,4343000.0,220180000.0,50.3,200,50.29,100,50.23,300,50.22,30300,50.21,300,50.34,3600,50.38,200,50.39,25300,50.44,300,50.47,600,HOLD
1780019725546,09:55:21,50.3,50.3,51.76,49.42,49.95,4343300.0,220200000.0,50.3,100,50.29,100,50.23,300,50.22,30300,50.2,1000,50.33,700,50.34,3500,50.38,300,50.39,25300,50.4,100,HOLD
1780019728555,09:55:24,50.33,50.3,51.76,49.42,49.95,4343700.0,220220000.0,50.31,2000,50.29,200,50.23,300,50.22,30300,50.2,1000,50.33,400,50.34,3500,50.38,300,50.39,25300,50.4,100,HOLD
1780019731570,09:55:27,50.34,50.3,51.76,49.42,49.95,4347600.0,220420000.0,50.34,6600,50.32,100,50.31,3000,50.3,200,50.29,200,50.38,300,50.39,25300,50.4,100,50.44,300,50.47,600,HOLD
1780019734581,09:55:30,50.49,50.3,51.76,49.42,49.95,4378100.0,221950000.0,50.48,200,50.45,2600,50.4,700,50.38,300,50.36,1500,50.49,100,50.5,3000,50.51,500,50.55,300,50.56,4400,HOLD
1780019737590,09:55:33,50.5,50.3,51.76,49.42,49.95,4382700.0,222190000.0,50.5,2300,50.49,4900,50.45,2600,50.4,700,50.38,1800,50.55,100,50.56,4400,50.6,600,50.62,700,50.64,100,HOLD
1780019740595,09:55:36,50.5,50.3,51.76,49.42,49.95,4383800.0,222240000.0,50.5,2200,50.49,11800,50.45,2600,50.38,1800,50.36,1500,50.56,3600,50.6,600,50.62,700,50.64,100,50.66,1400,HOLD
1780019743602,09:55:42,50.6,50.3,51.76,49.42,49.95,4395400.0,222830000.0,50.58,3000,50.57,3500,50.56,100,50.49,7200,50.38,300,50.6,100,50.61,1200,50.62,700,50.64,100,50.66,2900,HOLD
1780019749628,09:55:45,50.61,50.3,51.76,49.42,49.95,4401800.0,223150000.0,50.6,3300,50.57,4200,50.56,100,50.49,7000,50.38,300,50.61,1700,50.62,700,50.64,100,50.66,2900,50.67,200,HOLD
1780019752623,09:55:48,50.61,50.3,51.76,49.42,49.95,4404400.0,223280000.0,50.6,1100,50.57,4200,50.56,100,50.49,7000,50.38,300,50.61,1300,50.62,700,50.64,100,50.66,2900,50.67,200,HOLD
1780019755634,09:55:51,50.57,50.3,51.76,49.42,49.95,4406900.0,223410000.0,50.57,2800,50.55,100,50.49,7000,50.38,200,50.36,1400,50.59,1200,50.6,3100,50.61,1700,50.62,700,50.64,100,HOLD
1780019758642,09:55:57,50.55,50.3,51.76,49.42,49.95,4408100.0,223470000.0,50.49,9400,50.38,200,50.36,1400,50.35,100,50.34,6600,50.55,100,50.58,2100,50.59,1300,50.6,3700,50.61,2200,HOLD
1780019764654,09:56:00,50.54,50.3,51.76,49.42,49.95,4408200.0,223480000.0,50.5,4300,50.49,9400,50.4,1800,50.38,200,50.36,1400,50.54,200,50.55,1100,50.58,1000,50.59,1300,50.6,3700,HOLD
1780019767657,09:56:03,50.58,50.3,51.76,49.42,49.95,4409700.0,223550000.0,50.54,2600,50.5,4300,50.49,9400,50.4,1800,50.38,200,50.58,900,50.59,1300,50.6,4600,50.61,2200,50.62,1700,HOLD
1780019770673,09:56:06,50.54,50.3,51.76,49.42,49.95,4412700.0,223700000.0,50.49,7000,50.4,1800,50.38,200,50.36,1400,50.34,6600,50.52,1400,50.53,1800,50.56,700,50.57,200,50.58,800,HOLD
1780019773685,09:56:09,50.49,50.3,51.76,49.42,49.95,4416700.0,223900000.0,50.49,3200,50.4,1800,50.38,200,50.36,1400,50.35,400,50.5,100,50.51,200,50.52,3100,50.53,1800,50.57,100,HOLD
1780019776698,09:56:12,50.49,50.3,51.76,49.42,49.95,4419900.0,224070000.0,50.41,3100,50.4,1800,50.38,200,50.36,1300,50.35,400,50.43,400,50.44,100,50.45,100,50.49,1700,50.5,200,HOLD
1780019779700,09:56:15,50.42,50.3,51.76,49.42,49.95,4420100.0,224080000.0,50.41,3000,50.4,1800,50.38,200,50.36,1300,50.35,400,50.43,100,50.44,100,50.48,200,50.49,2500,50.5,200,HOLD
1780019782702,09:56:18,50.41,50.3,51.76,49.42,49.95,4420700.0,224110000.0,50.38,200,50.36,1300,50.35,400,50.34,6600,50.31,2000,50.43,100,50.44,100,50.48,200,50.49,3700,50.5,200,HOLD
1780019785714,09:56:21,50.42,50.3,51.76,49.42,49.95,4421700.0,224160000.0,50.38,200,50.36,1300,50.35,400,50.34,7000,50.31,2000,50.42,700,50.43,200,50.48,200,50.49,3700,50.5,200,HOLD
1780019788726,09:56:24,50.35,50.3,51.76,49.42,49.95,4423800.0,224260000.0,50.34,7000,50.31,2000,50.3,100,50.29,100,50.22,30300,50.38,800,50.41,200,50.42,800,50.43,200,50.48,200,HOLD
1780019791733,09:56:27,50.41,50.3,51.76,49.42,49.95,4425700.0,224360000.0,50.34,7000,50.31,2000,50.3,100,50.29,100,50.22,30300,50.42,400,50.43,100,50.48,200,50.49,2000,50.5,2300,HOLD
1780019794742,09:56:30,50.34,50.3,51.76,49.42,49.95,4432700.0,224710000.0,50.31,2000,50.3,200,50.29,100,50.22,30300,50.2,1100,50.33,1000,50.34,100,50.36,1600,50.37,1000,50.38,10000,HOLD
1780019797745,09:56:33,50.33,50.3,51.76,49.42,49.95,4434100.0,224780000.0,50.31,1300,50.3,200,50.29,100,50.22,30300,50.2,1100,50.33,200,50.34,100,50.36,1600,50.37,1000,50.38,10000,HOLD
1780019800747,09:56:36,50.31,50.3,51.76,49.42,49.95,4434500.0,224800000.0,50.33,300,50.31,1100,50.3,200,50.29,100,50.22,30300,50.34,100,50.36,1600,50.37,1000,50.38,10000,50.41,200,HOLD
1780019803762,09:56:39,50.33,50.3,51.76,49.42,49.95,4434900.0,224820000.0,50.31,1100,50.3,200,50.29,100,50.22,30300,50.2,1100,50.34,5900,50.36,1600,50.37,1000,50.38,10000,50.41,200,HOLD
1780019806774,09:56:42,50.33,50.3,51.76,49.42,49.95,4434900.0,224820000.0,50.31,1300,50.3,200,50.29,100,50.22,30300,50.2,1100,50.34,8000,50.36,1600,50.37,1000,50.38,10000,50.41,200,HOLD
1780019809778,09:56:45,50.33,50.3,51.76,49.42,49.95,4434900.0,224820000.0,50.31,2600,50.3,200,50.29,100,50.22,30300,50.2,1100,50.33,200,50.34,11600,50.36,1600,50.37,1000,50.38,10000,HOLD
1780019812794,09:56:48,50.33,50.3,51.76,49.42,49.95,4437100.0,224930000.0,50.33,800,50.31,2600,50.3,200,50.29,100,50.22,30300,50.34,11400,50.37,1000,50.38,10000,50.42,200,50.43,1100,HOLD
1780019815816,09:56:51,50.33,50.3,51.76,49.42,49.95,4442900.0,225220000.0,50.31,2600,50.3,200,50.29,100,50.22,30300,50.2,1100,50.34,6400,50.37,1000,50.38,10000,50.42,200,50.43,1100,HOLD
1780019818820,09:56:57,50.33,50.3,51.76,49.42,49.95,4442900.0,225220000.0,50.31,3900,50.3,200,50.29,100,50.22,30300,50.2,1100,50.33,1200,50.34,6500,50.37,1000,50.38,10000,50.42,200,HOLD
1780019821839,09:56:54,50.33,50.3,51.76,49.42,49.95,4442900.0,225220000.0,50.31,2600,50.3,200,50.29,100,50.22,30300,50.2,1100,50.34,6500,50.37,1000,50.38,10000,50.42,200,50.43,1100,HOLD
1780019824835,09:57:00,50.31,50.3,51.76,49.42,49.95,4443500.0,225250000.0,50.31,3300,50.3,200,50.29,100,50.22,30300,50.2,1100,50.33,1200,50.34,6500,50.37,1000,50.38,10000,50.42,200,HOLD
1780019827850,09:57:03,50.34,50.3,51.76,49.42,49.95,4448900.0,225530000.0,50.31,3200,50.3,200,50.29,100,50.22,30300,50.21,100,50.33,2100,50.34,3700,50.37,1000,50.38,10000,50.42,200,HOLD
1780019830856,09:57:06,50.31,50.3,51.76,49.42,49.95,4450600.0,225610000.0,50.32,1300,50.31,2500,50.3,200,50.29,100,50.22,30300,50.33,1100,50.34,3700,50.37,1000,50.38,10000,50.42,200,HOLD
1780019833865,09:57:09,50.34,50.3,51.76,49.42,49.95,4452100.0,225690000.0,50.33,300,50.32,1200,50.31,2500,50.3,200,50.29,100,50.34,3800,50.37,1000,50.38,10000,50.42,200,50.43,1100,HOLD
1780019836876,09:57:12,50.34,50.3,51.76,49.42,49.95,4452500.0,225710000.0,50.33,1100,50.32,2300,50.31,2500,50.3,200,50.29,100,50.34,3400,50.37,1000,50.38,10000,50.42,200,50.43,1100,HOLD
1780019839876,09:57:15,50.34,50.3,51.76,49.42,49.95,4452600.0,225710000.0,50.33,1100,50.32,2300,50.31,2500,50.3,500,50.29,100,50.34,3800,50.37,1000,50.38,10000,50.42,200,50.43,1100,HOLD
1780019842891,09:57:18,50.37,50.3,51.76,49.42,49.95,4456800.0,225920000.0,50.34,1100,50.33,2000,50.32,1200,50.31,2500,50.3,500,50.37,900,50.38,10000,50.42,200,50.43,1100,50.48,200,HOLD
1780019845897,09:57:21,50.37,50.3,51.76,49.42,49.95,4456800.0,225920000.0,50.35,100,50.34,3100,50.33,1700,50.32,1200,50.31,2500,50.36,200,50.37,900,50.38,10000,50.42,200,50.43,1100,HOLD
1780019848906,09:57:24,50.34,50.3,51.76,49.42,49.95,4457300.0,225950000.0,50.34,2800,50.33,1700,50.32,1200,50.31,2500,50.3,500,50.36,100,50.37,900,50.38,10000,50.42,200,50.43,1100,HOLD
1780019851912,09:57:27,50.36,50.3,51.76,49.42,49.95,4457900.0,225980000.0,50.36,2200,50.34,2800,50.33,1700,50.32,1200,50.31,2500,50.37,900,50.38,10000,50.42,100,50.43,1100,50.48,200,HOLD
1780019854929,09:57:30,50.36,50.3,51.76,49.42,49.95,4457900.0,225980000.0,50.36,2200,50.34,3400,50.33,1700,50.32,1100,50.31,2500,50.37,900,50.38,10000,50.42,100,50.43,1100,50.48,200,HOLD
1780019857937,09:57:36,50.34,50.3,51.76,49.42,49.95,4480400.0,227110000.0,50.27,2000,50.22,30300,50.2,1100,50.19,1000,50.18,1000,50.34,19600,50.36,25300,50.37,100,50.38,9900,50.4,500,HOLD
1780019863951,09:57:39,50.34,50.3,51.76,49.42,49.95,4480700.0,227130000.0,50.27,2000,50.22,30300,50.2,1100,50.19,1000,50.18,1000,50.33,100,50.34,19300,50.36,25300,50.37,100,50.38,9900,HOLD
1780019866953,09:57:42,50.27,50.3,51.76,49.42,49.95,4480900.0,227140000.0,50.27,1800,50.22,30300,50.2,1100,50.19,1000,50.18,1000,50.33,400,50.34,19300,50.36,20300,50.37,100,50.38,9900,HOLD
1780019869969,09:57:45,50.27,50.3,51.76,49.42,49.95,4480900.0,227140000.0,50.27,1800,50.22,30300,50.2,1100,50.19,1000,50.18,1000,50.33,400,50.34,21400,50.36,20300,50.37,100,50.38,9900,HOLD
1780019872981,09:57:48,50.32,50.3,51.76,49.42,49.95,4481300.0,227160000.0,50.28,1600,50.27,1800,50.22,30300,50.2,1100,50.19,1000,50.32,700,50.33,1300,50.34,21400,50.36,20300,50.37,100,HOLD
1780019875997,09:57:54,50.42,50.3,51.76,49.42,49.95,4537100.0,229970000.0,50.4,700,50.38,200,50.37,1500,50.36,500,50.35,400,50.42,200,50.43,700,50.46,200,50.48,200,50.49,1700,HOLD
1780019882033,09:57:57,50.43,50.3,51.76,49.42,49.95,4538000.0,230010000.0,50.42,3100,50.4,400,50.38,200,50.37,1300,50.36,400,50.43,100,50.45,1400,50.46,200,50.48,200,50.49,1700,HOLD
1780019885024,09:58:00,50.42,50.3,51.76,49.42,49.95,4541200.0,230170000.0,50.42,1700,50.37,1300,50.35,100,50.33,8600,50.32,200,50.45,1400,50.46,200,50.48,200,50.49,1700,50.5,2300,HOLD
1780019888031,09:58:03,50.46,50.3,51.76,49.42,49.95,4542700.0,230250000.0,50.45,3100,50.43,800,50.38,400,50.37,1300,50.35,100,50.46,100,50.48,200,50.49,1700,50.5,2300,50.51,500,HOLD
1780019891035,09:58:06,50.43,50.3,51.76,49.42,49.95,4547900.0,230510000.0,50.38,400,50.33,8600,50.32,200,50.29,500,50.28,1300,50.41,200,50.42,600,50.43,1300,50.44,300,50.45,4300,HOLD
1780019894040,09:58:12,50.45,50.3,51.76,49.42,49.95,4550800.0,230660000.0,50.39,800,50.38,400,50.33,8600,50.32,200,50.29,500,50.45,200,50.46,500,50.48,200,50.49,1700,50.5,2300,HOLD
1780019900057,09:58:15,50.46,50.3,51.76,49.42,49.95,4551600.0,230700000.0,50.38,400,50.33,8600,50.32,200,50.29,500,50.28,1300,50.46,100,50.48,200,50.49,1700,50.5,2300,50.51,500,HOLD
1780019903065,09:58:18,50.45,50.3,51.76,49.42,49.95,4552500.0,230740000.0,50.45,11900,50.41,200,50.39,200,50.38,400,50.33,8600,50.48,200,50.49,1700,50.5,2300,50.51,500,50.52,1400,HOLD
1780019906068,09:58:21,50.45,50.3,51.76,49.42,49.95,4552500.0,230740000.0,50.46,200,50.45,12100,50.41,200,50.39,200,50.38,400,50.48,200,50.49,1700,50.5,2300,50.51,500,50.52,1400,HOLD
1780019909077,09:58:27,50.44,50.3,51.76,49.42,49.95,4570500.0,231650000.0,50.41,200,50.39,200,50.38,400,50.35,17700,50.33,8600,50.44,100,50.45,600,50.46,600,50.49,1700,50.5,2300,HOLD
1780019912075,09:58:30,50.39,50.3,51.76,49.42,49.95,4570900.0,231670000.0,50.38,400,50.35,17700,50.33,8600,50.32,200,50.28,1400,50.39,100,50.4,700,50.41,1000,50.43,300,50.44,500,HOLD
1780019918094,09:58:33,50.38,50.3,51.76,49.42,49.95,4573300.0,231790000.0,50.38,100,50.35,17700,50.33,8600,50.32,200,50.28,1400,50.44,500,50.45,300,50.46,1400,50.48,300,50.49,1800,HOLD
1780019921110,09:58:39,50.35,50.3,51.76,49.42,49.95,4604300.0,233350000.0,50.44,22000,50.33,8600,50.32,200,50.28,1400,50.27,1000,50.46,800,50.48,300,50.49,1800,50.5,2400,50.51,500,HOLD
1780019927128,09:58:42,50.35,50.3,51.76,49.42,49.95,4604300.0,233350000.0,50.44,22000,50.37,200,50.33,8600,50.32,200,50.28,1400,50.46,800,50.48,300,50.49,1800,50.5,2400,50.51,500,HOLD
1780019930130,09:58:45,50.45,50.3,51.76,49.42,49.95,4608100.0,233550000.0,50.45,800,50.44,20100,50.37,200,50.33,8600,50.32,200,50.46,800,50.48,300,50.49,1800,50.5,2400,50.51,500,HOLD
1780019933133,09:58:48,50.46,50.3,51.76,49.42,49.95,4608200.0,233550000.0,50.45,1300,50.44,20100,50.37,200,50.33,8600,50.32,200,50.46,700,50.48,300,50.49,1800,50.5,2400,50.51,500,HOLD
1780019936149,09:58:51,50.46,50.3,51.76,49.42,49.95,4608400.0,233560000.0,50.45,6400,50.44,20100,50.38,800,50.37,200,50.33,8600,50.46,900,50.48,300,50.49,1800,50.5,2400,50.51,500,HOLD
1780019939155,09:58:54,50.45,50.3,51.76,49.42,49.95,4610000.0,233640000.0,50.45,7800,50.44,20100,50.38,800,50.37,200,50.33,8600,50.46,600,50.48,300,50.49,2100,50.5,2400,50.51,500,HOLD
1780019942166,09:58:57,50.46,50.3,51.76,49.42,49.95,4610200.0,233650000.0,50.45,8000,50.44,20100,50.38,800,50.37,200,50.35,300,50.46,1200,50.48,300,50.49,2100,50.5,2400,50.51,500,HOLD
1780019945171,09:59:00,50.45,50.3,51.76,49.42,49.95,4612100.0,233750000.0,50.46,300,50.45,8200,50.44,20100,50.38,800,50.37,200,50.48,300,50.49,2100,50.5,2400,50.51,500,50.52,1400,HOLD
1780019948185,09:59:03,50.45,50.3,51.76,49.42,49.95,4617700.0,234030000.0,50.45,3000,50.44,20100,50.38,800,50.37,200,50.35,400,50.48,200,50.49,2100,50.5,2400,50.51,500,50.52,1400,HOLD
1780019951189,09:59:09,50.44,50.3,51.76,49.42,49.95,4628400.0,234570000.0,50.44,13800,50.38,800,50.37,200,50.35,400,50.33,8600,50.46,400,50.47,1900,50.48,400,50.49,2100,50.5,2400,HOLD
1780019954197,09:59:12,50.38,50.3,51.76,49.42,49.95,4642400.0,235280000.0,50.38,600,50.37,200,50.35,400,50.33,8600,50.32,200,50.44,2400,50.45,2400,50.46,400,50.47,1900,50.48,2900,HOLD
1780019957208,09:59:15,50.35,50.3,51.76,49.42,49.95,4645700.0,235440000.0,50.33,8600,50.32,200,50.28,300,50.27,1000,50.22,1000,50.4,800,50.41,400,50.45,7300,50.46,300,50.47,1900,HOLD
1780019960212,09:59:18,50.32,50.3,51.76,49.42,49.95,4654500.0,235890000.0,50.28,300,50.27,1000,50.22,1000,50.2,1100,50.19,1000,50.34,900,50.35,1000,50.4,800,50.44,1400,50.45,7300,HOLD
1780019966222,09:59:21,50.32,50.3,51.76,49.42,49.95,4654500.0,235890000.0,50.28,300,50.27,1000,50.22,1000,50.2,1100,50.19,1000,50.32,200,50.33,5400,50.34,500,50.35,1000,50.38,100,HOLD
1780019969235,09:59:27,50.27,50.3,51.76,49.42,49.95,4655800.0,235950000.0,50.22,1000,50.2,1100,50.19,1000,50.18,1000,50.12,500,50.27,200,50.28,1500,50.3,1700,50.31,2800,50.32,200,HOLD
1780019975251,09:59:33,50.27,50.3,51.76,49.42,49.95,4664200.0,236370000.0,50.2,1000,50.19,1000,50.18,1000,50.12,500,50.1,3200,50.27,100,50.28,1500,50.3,1700,50.31,2800,50.33,5400,HOLD
1780019978256,09:59:36,50.2,50.3,51.76,49.42,49.95,4664600.0,236390000.0,50.2,800,50.19,1000,50.18,1000,50.12,500,50.1,3200,50.25,200,50.26,200,50.28,1500,50.3,1700,50.31,2800,HOLD
1780019981262,09:59:39,50.2,50.3,51.76,49.42,49.95,4664900.0,236410000.0,50.2,600,50.19,1000,50.18,1000,50.12,500,50.1,3200,50.22,700,50.25,200,50.26,200,50.28,1500,50.3,1700,HOLD
1780019984277,09:59:42,50.22,50.3,51.76,49.42,49.95,4665600.0,236440000.0,50.21,300,50.2,700,50.19,1000,50.18,1000,50.12,500,50.25,200,50.26,200,50.3,1700,50.31,2800,50.33,5400,HOLD
1780019990298,09:59:45,50.2,50.3,51.76,49.42,49.95,4666100.0,236470000.0,50.2,600,50.19,1000,50.18,1000,50.17,400,50.12,500,50.22,500,50.24,200,50.25,200,50.26,200,50.3,1700,HOLD
1780019993304,09:59:51,50.24,50.3,51.76,49.42,49.95,4667800.0,236550000.0,50.23,1700,50.22,19300,50.2,200,50.19,1000,50.18,1000,50.24,200,50.25,200,50.26,200,50.3,1700,50.31,2800,HOLD
1780019999326,09:59:57,50.23,50.3,51.76,49.42,49.95,4668300.0,236580000.0,50.23,1200,50.22,23100,50.2,200,50.19,1000,50.18,1100,50.24,200,50.25,200,50.26,200,50.3,1700,50.31,2800,HOLD
1780020005331,10:00:03,50.24,50.3,51.76,49.42,49.95,4669400.0,236630000.0,50.24,800,50.23,400,50.22,23100,50.2,200,50.19,1000,50.25,200,50.26,200,50.3,1400,50.31,2800,50.33,5400,HOLD
