local_time_ms,server_time,price,open,high,low,prev_close,cum_volume,cum_amount,bp1,bv1,bp2,bv2,bp3,bv3,bp4,bv4,bp5,bv5,sp1,sv1,sp2,sv2,sp3,sv3,sp4,sv4,sp5,sv5,signal
1780363721529,09:28:21,46.07,46.07,46.07,46.07,45.75,22100.0,1020000.0,46.07,200,45.76,600,45.75,800,45.58,100,45.5,2000,46.2,200,46.25,200,46.3,400,46.35,200,46.38,200,HOLD
1780363763738,09:29:21,46.07,46.07,46.07,46.07,45.75,22100.0,1020000.0,46.07,200,45.76,600,45.75,800,45.58,100,45.5,2000,46.2,200,46.25,200,46.3,400,46.35,200,46.38,200,HOLD
1780363805774,09:30:00,46.07,46.07,46.2,45.75,45.75,28800.0,1330000.0,45.75,900,45.58,100,45.51,100,45.5,2100,45.4,1500,46.07,3100,46.08,400,46.19,500,46.2,2000,46.25,200,HOLD
1780363808997,09:30:06,46.1,46.07,46.38,45.75,45.75,69400.0,3200000.0,46.1,4400,46.09,200,46.08,1100,46.07,300,46.06,1600,46.19,100,46.2,200,46.3,100,46.38,100,46.4,200,HOLD
1780363811752,09:30:09,46.19,46.07,46.38,45.75,45.75,76600.0,3530000.0,46.19,3700,46.12,1900,46.11,400,46.1,1000,46.09,200,46.3,100,46.35,400,46.38,100,46.4,500,46.44,400,HOLD
1780363814745,09:30:12,46.21,46.07,46.38,45.75,45.75,82300.0,3800000.0,46.2,100,46.12,1900,46.11,200,46.1,1000,46.09,200,46.21,100,46.35,500,46.37,400,46.38,100,46.4,500,HOLD
1780363821468,09:30:15,46.29,46.07,46.38,45.75,45.75,88000.0,4060000.0,46.32,700,46.25,600,46.21,200,46.12,1800,46.11,200,46.35,500,46.37,500,46.38,100,46.4,500,46.44,400,HOLD
1780363823779,09:30:21,46.18,46.07,46.38,45.75,45.75,104900.0,4840000.0,46.23,200,46.2,400,46.18,4500,46.1,400,46.09,200,46.3,100,46.32,15900,46.34,800,46.35,700,46.37,500,HOLD
1780363826799,09:30:24,46.26,46.07,46.38,45.75,45.75,109000.0,5030000.0,46.26,800,46.24,4700,46.23,1300,46.21,600,46.2,2200,46.32,5200,46.34,800,46.35,700,46.37,500,46.38,100,HOLD
1780363829803,09:30:27,46.36,46.07,46.38,45.75,45.75,118000.0,5450000.0,46.36,11800,46.32,100,46.3,100,46.26,800,46.23,1300,46.37,300,46.4,500,46.44,400,46.45,500,46.48,900,HOLD
1780363835816,09:30:30,46.26,46.07,46.41,45.75,45.75,137000.0,6330000.0,46.23,1200,46.21,600,46.2,1600,46.18,300,46.15,100,46.26,300,46.34,100,46.36,100,46.44,400,46.45,500,HOLD
1780363838823,09:30:36,46.42,46.07,46.42,45.75,45.75,153200.0,7080000.0,46.26,400,46.1,300,46.08,700,46.07,700,46.06,200,46.3,6400,46.31,1800,46.36,1300,46.42,25900,46.43,1400,HOLD
1780363845100,09:30:42,46.1,46.07,46.42,45.75,45.75,159300.0,7360000.0,46.06,200,46.05,1900,46.0,700,45.98,300,45.95,100,46.1,1500,46.19,1900,46.2,2000,46.22,1100,46.23,1400,HOLD
1780363847854,09:30:45,46.05,46.07,46.42,45.75,45.75,162000.0,7480000.0,46.05,1700,46.0,700,45.98,300,45.95,100,45.8,300,46.1,1300,46.19,1800,46.2,300,46.23,1400,46.26,1000,HOLD
1780363851569,09:30:48,46.06,46.07,46.42,45.75,45.75,165900.0,7660000.0,46.0,700,45.98,300,45.95,100,45.8,300,45.78,300,46.05,100,46.06,1900,46.1,400,46.19,1800,46.2,400,HOLD
1780363853870,09:30:51,46.04,46.07,46.42,45.75,45.75,166600.0,7700000.0,46.0,400,45.98,300,45.95,100,45.84,200,45.8,300,46.05,1800,46.06,1700,46.1,1000,46.19,200,46.2,200,HOLD
1780363857596,09:30:54,46.06,46.07,46.42,45.75,45.75,174100.0,8040000.0,46.06,2600,46.05,200,46.0,600,45.98,300,45.95,100,46.1,500,46.19,200,46.2,600,46.23,1400,46.26,2400,HOLD
1780363859895,09:30:57,46.06,46.07,46.42,45.75,45.75,177300.0,8190000.0,46.05,200,46.01,900,46.0,1100,45.98,300,45.95,100,46.06,100,46.1,200,46.19,200,46.2,600,46.23,1400,HOLD
1780363865907,09:31:00,46.05,46.07,46.42,45.75,45.75,178700.0,8250000.0,46.01,900,46.0,1100,45.98,300,45.95,100,45.84,200,46.05,2000,46.06,2000,46.1,200,46.19,200,46.2,600,HOLD
1780363869173,09:31:03,46.03,46.07,46.42,45.75,45.75,183600.0,8480000.0,46.03,200,46.01,400,46.0,100,45.98,300,45.95,100,46.05,100,46.06,3000,46.1,200,46.19,200,46.2,600,HOLD
1780363871928,09:31:09,46.26,46.07,46.42,45.75,45.75,204100.0,9430000.0,46.23,100,46.22,300,46.21,1100,46.2,800,46.19,2600,46.26,200,46.29,100,46.3,600,46.39,200,46.4,4800,HOLD
1780363874935,09:31:12,46.29,46.07,46.42,45.75,45.75,205900.0,9510000.0,46.26,200,46.25,100,46.23,1400,46.22,300,46.21,1100,46.3,600,46.39,200,46.4,4800,46.41,500,46.42,5300,HOLD
1780363878213,09:31:15,46.33,46.07,46.42,45.75,45.75,206600.0,9540000.0,46.35,100,46.34,100,46.32,500,46.3,100,46.26,100,46.39,200,46.4,4600,46.41,500,46.42,1000,46.43,200,HOLD
1780363883965,09:31:21,46.35,46.07,46.42,45.75,45.75,210200.0,9710000.0,46.33,100,46.32,400,46.3,2000,46.29,100,46.26,100,46.35,1700,46.39,1200,46.4,4400,46.41,500,46.42,1200,HOLD
1780363886972,09:31:24,46.33,46.07,46.42,45.75,45.75,211700.0,9780000.0,46.3,2100,46.29,100,46.2,800,46.19,2600,46.18,300,46.33,500,46.35,1600,46.38,100,46.39,1200,46.4,6700,HOLD
1780363890681,09:31:27,46.3,46.07,46.42,45.75,45.75,216300.0,9990000.0,46.31,600,46.3,2600,46.29,100,46.2,300,46.19,200,46.35,500,46.38,100,46.39,1300,46.4,7000,46.41,500,HOLD
1780363896004,09:31:30,46.39,46.07,46.42,45.75,45.75,226600.0,10470000.0,46.39,200,46.38,400,46.33,3300,46.32,200,46.31,600,46.4,800,46.41,500,46.42,1200,46.43,200,46.44,400,HOLD
1780363899017,09:31:33,46.36,46.07,46.42,45.75,45.75,229500.0,10600000.0,46.35,100,46.33,400,46.32,200,46.31,600,46.3,1700,46.36,700,46.38,400,46.39,400,46.4,500,46.41,500,HOLD
1780363902024,09:31:39,46.3,46.07,46.42,45.75,45.75,233700.0,10800000.0,46.2,200,46.19,200,46.18,100,46.11,200,46.1,300,46.3,200,46.35,1600,46.38,300,46.39,600,46.4,500,HOLD
1780363905458,09:31:42,46.2,46.07,46.42,45.75,45.75,236400.0,10920000.0,46.2,100,46.12,300,46.11,200,46.1,300,46.08,100,46.3,300,46.35,1300,46.38,300,46.39,800,46.4,1000,HOLD
1780363911730,09:31:48,46.2,46.07,46.42,45.75,45.75,238800.0,11030000.0,46.13,500,46.12,100,46.11,200,46.1,300,46.06,1300,46.18,1600,46.19,500,46.2,800,46.28,200,46.29,100,HOLD
1780363914049,09:31:51,46.3,46.07,46.42,45.75,45.75,246200.0,11380000.0,46.32,1600,46.3,4100,46.22,1400,46.2,500,46.19,500,46.35,1300,46.36,1000,46.38,800,46.39,4700,46.4,1000,HOLD
1780363917145,09:31:54,46.3,46.07,46.42,45.75,45.75,248800.0,11500000.0,46.3,100,46.22,1400,46.2,1500,46.19,400,46.18,200,46.34,400,46.35,1300,46.36,1000,46.38,800,46.39,4700,HOLD
1780363920107,09:31:57,46.35,46.07,46.42,45.75,45.75,250300.0,11570000.0,46.34,11800,46.3,100,46.23,600,46.22,1400,46.2,1800,46.35,500,46.36,1000,46.38,800,46.39,4700,46.4,1000,HOLD
1780363923095,09:32:00,46.54,46.07,46.58,45.75,45.75,300800.0,13910000.0,46.54,200,46.51,4400,46.5,2000,46.49,3600,46.47,1800,46.58,15800,46.6,200,46.63,200,46.65,200,46.67,600,HOLD
1780363926101,09:32:03,46.56,46.07,46.58,45.75,45.75,302100.0,13970000.0,46.55,100,46.54,200,46.51,4400,46.49,3600,46.47,1800,46.56,1500,46.57,200,46.58,15800,46.6,200,46.63,200,HOLD
1780363929116,09:32:06,46.57,46.07,46.58,45.75,45.75,303400.0,14030000.0,46.51,4400,46.49,3600,46.47,1000,46.4,100,46.37,200,46.55,800,46.58,15800,46.6,200,46.63,200,46.65,200,HOLD
1780363932610,09:32:09,46.56,46.07,46.58,45.75,45.75,307100.0,14210000.0,46.56,1800,46.51,4200,46.4,100,46.37,200,46.36,400,46.58,14800,46.6,200,46.63,200,46.65,200,46.67,600,HOLD
1780363938136,09:32:12,46.56,46.07,46.58,45.75,45.75,313700.0,14510000.0,46.56,10700,46.51,4200,46.4,100,46.37,200,46.36,400,46.58,17400,46.6,200,46.63,300,46.65,200,46.67,600,HOLD
1780363941157,09:32:18,46.63,46.07,46.74,45.75,45.75,343000.0,15880000.0,46.63,1200,46.62,200,46.61,700,46.6,2100,46.59,100,46.73,400,46.74,1200,46.75,200,46.8,1100,46.85,200,HOLD
1780363947184,09:32:24,46.63,46.07,46.74,45.75,45.75,343700.0,15910000.0,46.63,2000,46.62,100,46.61,200,46.6,4600,46.59,100,46.71,200,46.72,1100,46.73,1100,46.74,1200,46.75,200,HOLD
1780363953193,09:32:30,46.63,46.07,46.74,45.75,45.75,350200.0,16220000.0,46.63,400,46.61,100,46.6,2400,46.58,3800,46.56,10700,46.67,1400,46.69,600,46.7,1700,46.71,1600,46.73,700,HOLD
1780363956199,09:32:33,46.61,46.07,46.74,45.75,45.75,355000.0,16440000.0,46.6,100,46.58,3800,46.56,10700,46.4,100,46.38,300,46.62,400,46.63,1600,46.7,1300,46.71,1900,46.73,700,HOLD
1780363962211,09:32:39,46.59,46.07,46.74,45.75,45.75,367300.0,17010000.0,46.56,7500,46.51,4600,46.4,100,46.38,300,46.37,200,46.59,900,46.6,6900,46.61,400,46.62,300,46.63,1500,HOLD
1780363968235,09:32:42,46.58,46.07,46.74,45.75,45.75,369000.0,17090000.0,46.58,2700,46.56,7000,46.51,4600,46.4,100,46.38,300,46.59,600,46.6,4800,46.61,600,46.62,400,46.63,2400,HOLD
1780363971245,09:32:48,46.55,46.07,46.74,45.75,45.75,379400.0,17580000.0,46.41,300,46.4,100,46.38,300,46.37,200,46.36,300,46.54,100,46.55,600,46.56,2800,46.58,1900,46.59,1100,HOLD
1780363977262,09:32:54,46.54,46.07,46.74,45.75,45.75,387300.0,17940000.0,46.41,500,46.4,300,46.38,300,46.37,200,46.35,2000,46.54,4200,46.55,4100,46.56,5800,46.58,1900,46.59,1100,HOLD
1780363980273,09:32:57,46.53,46.07,46.74,45.75,45.75,390200.0,18080000.0,46.43,100,46.42,700,46.41,200,46.4,300,46.38,300,46.53,2200,46.54,1500,46.55,4500,46.56,4300,46.58,1700,HOLD
1780363983270,09:33:00,46.42,46.07,46.74,45.75,45.75,390500.0,18090000.0,46.42,500,46.41,100,46.4,300,46.38,300,46.35,2000,46.44,200,46.46,900,46.49,500,46.5,200,46.51,800,HOLD
1780363989973,09:33:06,46.35,46.07,46.74,45.75,45.75,398700.0,18470000.0,46.35,1600,46.3,800,46.21,300,46.2,1500,46.18,2200,46.42,200,46.44,400,46.46,1000,46.49,100,46.5,200,HOLD
1780363995303,09:33:12,46.46,46.07,46.74,45.75,45.75,418200.0,19380000.0,46.46,6200,46.44,7000,46.37,5500,46.36,2000,46.35,16300,46.49,100,46.5,200,46.51,800,46.52,900,46.53,2000,HOLD
1780363998307,09:33:15,46.46,46.07,46.74,45.75,45.75,422700.0,19590000.0,46.42,100,46.37,5500,46.36,2000,46.35,4200,46.31,300,46.46,100,46.5,500,46.51,600,46.52,600,46.53,2000,HOLD
1780364001313,09:33:18,46.42,46.07,46.74,45.75,45.75,423500.0,19620000.0,46.42,100,46.38,400,46.37,5500,46.36,2100,46.35,1900,46.5,400,46.51,600,46.52,600,46.53,2000,46.54,900,HOLD
1780364004322,09:33:21,46.45,46.07,46.74,45.75,45.75,425600.0,19720000.0,46.4,100,46.38,400,46.36,2100,46.35,1900,46.3,800,46.45,900,46.46,200,46.49,600,46.5,400,46.51,600,HOLD
1780364007326,09:33:24,46.35,46.07,46.74,45.75,45.75,431100.0,19980000.0,46.3,200,46.22,600,46.2,1400,46.18,2200,46.11,100,46.36,1600,46.37,200,46.38,200,46.4,1400,46.45,1000,HOLD
1780364010340,09:33:27,46.3,46.07,46.74,45.75,45.75,431600.0,20000000.0,46.23,200,46.22,600,46.2,1400,46.18,2200,46.11,100,46.31,100,46.32,300,46.33,200,46.34,600,46.35,400,HOLD
1780364013353,09:33:30,46.23,46.07,46.74,45.75,45.75,431900.0,20010000.0,46.23,100,46.22,600,46.2,1400,46.18,2200,46.11,200,46.28,200,46.29,100,46.3,500,46.31,1000,46.33,200,HOLD
1780364016366,09:33:33,46.22,46.07,46.74,45.75,45.75,435500.0,20180000.0,46.2,1400,46.18,2000,46.11,200,46.1,11000,46.06,1200,46.27,1000,46.28,200,46.29,100,46.3,500,46.33,200,HOLD
1780364020267,09:33:36,46.2,46.07,46.74,45.75,45.75,436200.0,20210000.0,46.2,1100,46.18,2000,46.11,200,46.1,11000,46.09,100,46.21,100,46.22,1100,46.23,20700,46.28,200,46.33,200,HOLD
1780364022378,09:33:39,46.2,46.07,46.74,45.75,45.75,467600.0,21660000.0,46.11,100,46.1,300,46.07,400,46.06,65900,46.05,2200,46.2,20300,46.21,200,46.22,1300,46.23,20700,46.28,200,HOLD
1780364025974,09:33:42,46.2,46.07,46.74,45.75,45.75,468700.0,21710000.0,46.12,200,46.11,100,46.1,100,46.07,400,46.06,65600,46.2,19000,46.21,200,46.22,1300,46.23,20700,46.28,200,HOLD
1780364028390,09:33:45,46.2,46.07,46.74,45.75,45.75,472800.0,21900000.0,46.13,700,46.11,500,46.07,400,46.06,65600,46.05,2200,46.2,15800,46.21,200,46.22,200,46.23,20400,46.28,200,HOLD
1780364031407,09:33:48,46.21,46.07,46.74,45.75,45.75,504900.0,23380000.0,46.21,600,46.2,100,46.13,800,46.12,400,46.11,28200,46.23,14800,46.28,200,46.29,200,46.33,200,46.34,200,HOLD
1780364034428,09:33:51,46.23,46.07,46.74,45.75,45.75,508600.0,23550000.0,46.21,300,46.2,6000,46.18,500,46.13,2400,46.12,2500,46.23,14300,46.28,200,46.29,200,46.33,200,46.34,200,HOLD
1780364037426,09:33:54,46.23,46.07,46.74,45.75,45.75,514900.0,23840000.0,46.21,2000,46.2,5900,46.18,500,46.13,2400,46.12,1000,46.23,8400,46.28,200,46.29,200,46.33,200,46.34,200,HOLD
1780364042042,09:33:57,46.23,46.07,46.74,45.75,45.75,520900.0,24120000.0,46.22,300,46.21,2000,46.2,6500,46.18,500,46.13,2400,46.23,2400,46.28,200,46.29,200,46.33,200,46.34,200,HOLD
1780364046463,09:34:03,46.38,46.07,46.74,45.75,45.75,528100.0,24450000.0,46.38,500,46.29,100,46.25,100,46.23,3300,46.21,2500,46.4,1200,46.45,200,46.48,100,46.49,200,46.5,800,HOLD
1780364052472,09:34:09,46.4,46.07,46.74,45.75,45.75,530000.0,24540000.0,46.4,300,46.38,1800,46.29,100,46.28,200,46.25,100,46.45,100,46.48,100,46.49,200,46.5,800,46.51,500,HOLD
1780364055486,09:34:12,46.45,46.07,46.74,45.75,45.75,531600.0,24620000.0,46.38,800,46.29,100,46.28,200,46.25,100,46.23,3300,46.44,200,46.45,400,46.47,200,46.48,100,46.49,200,HOLD
1780364058495,09:34:15,46.39,46.07,46.74,45.75,45.75,533900.0,24720000.0,46.29,100,46.28,200,46.27,200,46.23,3300,46.22,200,46.39,2200,46.4,1700,46.41,100,46.43,700,46.44,200,HOLD
1780364061501,09:34:18,46.29,46.07,46.74,45.75,45.75,536000.0,24820000.0,46.28,100,46.27,200,46.23,3300,46.22,200,46.21,1000,46.41,100,46.43,800,46.44,200,46.45,300,46.47,200,HOLD
1780364064502,09:34:21,46.43,46.07,46.74,45.75,45.75,536400.0,24840000.0,46.39,1200,46.28,100,46.27,200,46.23,3300,46.22,200,46.43,400,46.44,200,46.45,800,46.47,200,46.48,100,HOLD
1780364067510,09:34:24,46.43,46.07,46.74,45.75,45.75,536800.0,24860000.0,46.39,1200,46.29,200,46.28,200,46.27,200,46.23,3300,46.44,200,46.45,700,46.47,200,46.48,100,46.49,200,HOLD
1780364070521,09:34:27,46.43,46.07,46.74,45.75,45.75,537100.0,24870000.0,46.39,1200,46.29,200,46.28,200,46.27,200,46.23,3300,46.43,1900,46.44,200,46.45,1700,46.47,200,46.48,100,HOLD
1780364073525,09:34:30,46.39,46.07,46.74,45.75,45.75,539700.0,24990000.0,46.32,100,46.29,200,46.28,200,46.27,200,46.23,3300,46.41,300,46.42,100,46.43,1300,46.44,600,46.45,1600,HOLD
1780364076538,09:34:33,46.32,46.07,46.74,45.75,45.75,539800.0,25000000.0,46.29,200,46.28,200,46.27,400,46.24,200,46.23,3300,46.37,500,46.38,1300,46.39,100,46.41,800,46.43,100,HOLD
1780364082561,09:34:36,46.29,46.07,46.74,45.75,45.75,540100.0,25010000.0,46.29,100,46.28,200,46.27,400,46.24,200,46.23,3300,46.36,100,46.37,1600,46.38,1300,46.43,100,46.44,2500,HOLD
1780364085561,09:34:42,46.29,46.07,46.74,45.75,45.75,553200.0,25620000.0,46.28,200,46.27,400,46.25,500,46.24,200,46.23,3300,46.32,2900,46.34,100,46.36,100,46.37,100,46.41,500,HOLD
1780364091588,09:34:48,46.38,46.07,46.74,45.75,45.75,562100.0,26030000.0,46.28,100,46.27,400,46.25,500,46.24,200,46.23,3300,46.39,500,46.4,1000,46.41,500,46.43,100,46.44,2000,HOLD
1780364097607,09:34:54,46.44,46.07,46.74,45.75,45.75,573000.0,26530000.0,46.37,1500,46.33,1800,46.31,1800,46.29,200,46.28,600,46.44,4400,46.45,10800,46.48,300,46.49,200,46.5,5000,HOLD
1780364100626,09:34:57,46.45,46.07,46.74,45.75,45.75,574700.0,26610000.0,46.44,400,46.39,100,46.37,1900,46.33,1800,46.31,1800,46.45,9200,46.48,300,46.49,200,46.5,5000,46.51,600,HOLD
1780364107101,09:35:03,46.49,46.07,46.74,45.75,45.75,585400.0,27110000.0,46.49,700,46.45,700,46.44,400,46.39,100,46.38,3000,46.5,5100,46.51,600,46.54,400,46.56,1900,46.58,2200,HOLD
1780364110113,09:35:06,46.48,46.07,46.74,45.75,45.75,586800.0,27180000.0,46.48,1700,46.46,100,46.44,400,46.39,100,46.38,3300,46.49,100,46.5,4700,46.51,600,46.54,400,46.56,1900,HOLD
1780364115676,09:35:12,46.49,46.07,46.74,45.75,45.75,589400.0,27300000.0,46.48,2000,46.39,100,46.38,3300,46.37,400,46.36,2000,46.49,100,46.5,4300,46.51,600,46.54,400,46.56,2600,HOLD
1780364118687,09:35:15,46.48,46.07,46.74,45.75,45.75,594800.0,27550000.0,46.4,100,46.39,200,46.38,3300,46.37,400,46.36,2000,46.49,900,46.5,9800,46.51,600,46.56,2600,46.58,2200,HOLD
1780364124713,09:35:21,46.39,46.07,46.74,45.75,45.75,599100.0,27750000.0,46.38,1300,46.37,400,46.36,2000,46.3,500,46.29,1500,46.39,400,46.4,100,46.47,100,46.48,2900,46.49,1000,HOLD
1780364127713,09:35:24,46.37,46.07,46.74,45.75,45.75,600700.0,27820000.0,46.37,200,46.36,2000,46.35,500,46.3,500,46.29,1500,46.38,800,46.39,2800,46.4,600,46.48,8800,46.49,900,HOLD
1780364130712,09:35:27,46.37,46.07,46.74,45.75,45.75,603300.0,27940000.0,46.36,2000,46.35,500,46.29,1500,46.28,400,46.27,6900,46.37,2500,46.38,1200,46.39,2500,46.4,600,46.48,8800,HOLD
1780364136722,09:35:33,46.35,46.07,46.74,45.75,45.75,607900.0,28160000.0,46.3,500,46.29,1500,46.28,400,46.27,6900,46.25,500,46.34,400,46.35,15800,46.36,1000,46.37,6200,46.38,1300,HOLD
1780364139716,09:35:36,46.3,46.07,46.74,45.75,45.75,608500.0,28180000.0,46.29,1500,46.28,400,46.27,6900,46.25,500,46.23,5300,46.32,900,46.33,500,46.34,1400,46.35,15800,46.36,6200,HOLD
1780364142730,09:35:39,46.29,46.07,46.74,45.75,45.75,608700.0,28190000.0,46.29,1300,46.28,400,46.27,6900,46.25,500,46.23,2200,46.3,1000,46.31,100,46.32,1100,46.34,1200,46.35,15800,HOLD
1780364145744,09:35:42,46.3,46.07,46.74,45.75,45.75,615700.0,28520000.0,46.27,3300,46.25,500,46.23,2200,46.22,200,46.21,300,46.28,200,46.29,600,46.3,1500,46.31,100,46.32,100,HOLD
1780364151743,09:35:48,46.31,46.07,46.74,45.75,45.75,628600.0,29110000.0,46.31,1100,46.3,2000,46.29,1300,46.28,100,46.27,700,46.35,15800,46.36,8200,46.37,3200,46.38,700,46.39,900,HOLD
1780364157778,09:35:54,46.34,46.07,46.74,45.75,45.75,652000.0,30200000.0,46.24,300,46.23,9200,46.22,200,46.21,300,46.2,13800,46.31,900,46.34,700,46.35,16200,46.36,2800,46.37,3100,HOLD
1780364160789,09:35:57,46.34,46.07,46.74,45.75,45.75,652000.0,30200000.0,46.24,300,46.23,8900,46.22,200,46.21,300,46.2,13800,46.31,1100,46.34,700,46.35,16200,46.36,2800,46.37,3100,HOLD
1780364163800,09:36:00,46.31,46.07,46.74,45.75,45.75,653700.0,30270000.0,46.3,3200,46.28,100,46.24,100,46.23,8900,46.22,200,46.35,21100,46.36,2800,46.37,3100,46.38,700,46.39,500,HOLD
1780364166808,09:36:03,46.3,46.07,46.74,45.75,45.75,656200.0,30390000.0,46.3,3400,46.28,100,46.24,100,46.23,100,46.22,200,46.35,19000,46.36,2800,46.37,3100,46.38,700,46.39,500,HOLD
1780364169813,09:36:06,46.3,46.07,46.74,45.75,45.75,656400.0,30400000.0,46.31,2100,46.3,3200,46.28,100,46.24,100,46.23,100,46.35,19100,46.36,2800,46.37,3100,46.38,700,46.39,500,HOLD
1780364173466,09:36:09,46.3,46.07,46.74,45.75,45.75,656400.0,30400000.0,46.31,2100,46.3,3200,46.28,100,46.24,400,46.23,100,46.34,100,46.35,19600,46.36,12800,46.37,3100,46.38,800,HOLD
1780364175835,09:36:12,46.31,46.07,46.74,45.75,45.75,658300.0,30490000.0,46.31,1100,46.3,3200,46.28,100,46.24,400,46.23,100,46.34,300,46.35,19600,46.36,12800,46.37,3100,46.38,800,HOLD
1780364178851,09:36:15,46.31,46.07,46.74,45.75,45.75,659600.0,30550000.0,46.3,3300,46.28,100,46.24,400,46.23,100,46.22,200,46.31,1900,46.33,100,46.34,400,46.35,19600,46.36,12800,HOLD
1780364181846,09:36:18,46.24,46.07,46.74,45.75,45.75,663900.0,30750000.0,46.24,1900,46.23,100,46.22,200,46.21,300,46.2,14000,46.25,100,46.26,500,46.27,1500,46.28,400,46.3,2600,HOLD
1780364184851,09:36:21,46.24,46.07,46.74,45.75,45.75,666200.0,30850000.0,46.24,600,46.23,100,46.22,200,46.21,300,46.2,14000,46.25,1700,46.26,200,46.27,1400,46.28,400,46.3,1300,HOLD
1780364187858,09:36:24,46.22,46.07,46.74,45.75,45.75,668200.0,30950000.0,46.21,300,46.2,14000,46.13,300,46.12,600,46.11,28900,46.22,1000,46.23,1100,46.24,1200,46.25,700,46.28,400,HOLD
1780364191580,09:36:27,46.23,46.07,46.74,45.75,45.75,671800.0,31110000.0,46.2,14000,46.13,300,46.12,600,46.11,28900,46.09,100,46.23,200,46.24,1800,46.25,100,46.28,400,46.3,1800,HOLD
1780364193889,09:36:30,46.24,46.07,46.74,45.75,45.75,675300.0,31270000.0,46.21,400,46.2,13400,46.13,300,46.12,600,46.11,28900,46.24,200,46.25,100,46.28,400,46.3,1700,46.31,3700,HOLD
1780364196883,09:36:33,46.24,46.07,46.74,45.75,45.75,675600.0,31290000.0,46.21,400,46.2,13400,46.13,300,46.12,200,46.11,28900,46.22,600,46.23,5200,46.24,200,46.25,100,46.28,400,HOLD
1780364199885,09:36:36,46.21,46.07,46.74,45.75,45.75,681100.0,31540000.0,46.21,300,46.2,9400,46.13,300,46.12,200,46.11,28900,46.22,1700,46.23,5200,46.24,200,46.25,100,46.28,400,HOLD
1780364202881,09:36:39,46.11,46.07,46.74,45.75,45.75,698900.0,32360000.0,46.12,1400,46.11,21300,46.09,100,46.08,500,46.06,47600,46.18,800,46.19,100,46.21,2800,46.22,2000,46.23,5200,HOLD
1780364205891,09:36:42,46.12,46.07,46.74,45.75,45.75,699400.0,32390000.0,46.12,1100,46.11,21300,46.09,100,46.08,500,46.06,47600,46.17,100,46.18,800,46.19,100,46.21,3300,46.22,2000,HOLD
1780364208895,09:36:45,46.12,46.07,46.74,45.75,45.75,701200.0,32470000.0,46.12,500,46.11,21300,46.09,100,46.08,100,46.06,47600,46.17,300,46.21,500,46.22,2000,46.23,5200,46.24,5800,HOLD
1780364211926,09:36:48,46.12,46.07,46.74,45.75,45.75,701900.0,32500000.0,46.11,21300,46.09,100,46.08,100,46.06,47600,46.05,2400,46.16,100,46.17,500,46.21,800,46.22,2000,46.23,5200,HOLD
1780364214917,09:36:51,46.16,46.07,46.74,45.75,45.75,711700.0,32950000.0,46.16,100,46.13,300,46.12,1700,46.11,21600,46.09,100,46.23,4700,46.24,800,46.25,700,46.28,400,46.3,600,HOLD
1780364218363,09:36:54,46.11,46.07,46.74,45.75,45.75,714900.0,33100000.0,46.16,700,46.11,20300,46.09,100,46.06,47600,46.05,2400,46.22,400,46.23,4800,46.24,800,46.25,700,46.28,400,HOLD
1780364220919,09:36:57,46.16,46.07,46.74,45.75,45.75,717300.0,33210000.0,46.16,500,46.11,20500,46.1,200,46.09,100,46.06,47600,46.23,4100,46.24,1000,46.25,700,46.28,400,46.3,600,HOLD
1780364223913,09:37:00,46.16,46.07,46.74,45.75,45.75,717700.0,33230000.0,46.16,100,46.11,20600,46.1,200,46.09,100,46.06,47600,46.23,4800,46.24,1000,46.25,700,46.28,400,46.3,600,HOLD
1780364229945,09:37:06,46.37,46.07,46.74,45.75,45.75,809300.0,37480000.0,46.37,100,46.36,21300,46.35,800,46.31,300,46.3,100,46.5,1800,46.52,200,46.55,1000,46.56,3000,46.58,3500,HOLD
1780364232947,09:37:09,46.43,46.07,46.74,45.75,45.75,811000.0,37550000.0,46.43,300,46.42,200,46.37,1200,46.36,12000,46.35,800,46.5,1300,46.52,200,46.55,1000,46.56,3000,46.58,3500,HOLD
1780364238969,09:37:15,46.56,46.07,46.74,45.75,45.75,816600.0,37810000.0,46.55,800,46.52,100,46.51,800,46.5,100,46.44,100,46.58,3500,46.59,1100,46.6,1900,46.61,2200,46.62,300,HOLD
1780364241974,09:37:18,46.58,46.07,46.74,45.75,45.75,816900.0,37830000.0,46.56,700,46.55,700,46.52,400,46.51,100,46.5,2000,46.58,3400,46.59,1100,46.6,1900,46.61,2200,46.62,300,HOLD
1780364244977,09:37:21,46.59,46.07,46.74,45.75,45.75,822300.0,38080000.0,46.59,100,46.58,2500,46.57,500,46.56,700,46.55,700,46.6,2000,46.61,2200,46.62,300,46.63,500,46.64,500,HOLD
1780364247989,09:37:24,46.59,46.07,46.74,45.75,45.75,823900.0,38150000.0,46.59,100,46.58,2100,46.55,700,46.52,300,46.51,100,46.6,4300,46.61,2200,46.62,300,46.63,500,46.64,500,HOLD
1780364251000,09:37:27,46.61,46.07,46.74,45.75,45.75,830600.0,38470000.0,46.6,1900,46.59,300,46.58,1000,46.55,700,46.52,300,46.61,900,46.62,1100,46.63,500,46.64,500,46.65,900,HOLD
1780364257724,09:37:33,46.72,46.07,46.74,45.75,45.75,888200.0,41150000.0,46.71,400,46.7,10200,46.68,1000,46.67,1600,46.63,1800,46.73,100,46.74,8600,46.75,200,46.76,400,46.77,300,HOLD
1780364260027,09:37:36,46.73,46.07,46.76,45.75,45.75,904100.0,41900000.0,46.68,1200,46.63,1700,46.61,1100,46.6,100,46.58,17600,46.77,300,46.78,5000,46.79,200,46.8,3800,46.81,400,HOLD
1780364263031,09:37:39,46.72,46.07,46.76,45.75,45.75,905900.0,41980000.0,46.69,100,46.68,1300,46.63,1700,46.61,600,46.58,17600,46.76,400,46.77,300,46.78,5000,46.79,200,46.8,3800,HOLD
1780364266030,09:37:42,46.74,46.07,46.78,45.75,45.75,912800.0,42300000.0,46.74,4500,46.69,100,46.68,1400,46.63,1700,46.62,300,46.76,200,46.77,100,46.78,3600,46.79,200,46.8,3800,HOLD
1780364269066,09:37:45,46.75,46.07,46.78,45.75,45.75,914900.0,42400000.0,46.75,200,46.74,4500,46.73,1300,46.69,100,46.68,1400,46.78,3500,46.79,200,46.8,3800,46.81,400,46.82,200,HOLD
1780364272052,09:37:48,46.78,46.07,46.79,45.75,45.75,920400.0,42660000.0,46.78,700,46.76,600,46.74,4400,46.69,100,46.68,1400,46.79,100,46.8,3800,46.81,400,46.82,200,46.85,500,HOLD
1780364275061,09:37:51,46.8,46.07,46.8,45.75,45.75,929500.0,43090000.0,46.79,500,46.78,1100,46.76,100,46.74,4400,46.69,300,46.8,700,46.81,400,46.82,200,46.85,500,46.86,600,HOLD
1780364278066,09:37:54,46.8,46.07,46.85,45.75,45.75,931700.0,43190000.0,46.8,2100,46.79,1500,46.78,1200,46.76,1000,46.74,200,46.84,200,46.85,200,46.86,600,46.87,500,46.88,800,HOLD
1780364281071,09:37:57,46.8,46.07,46.85,45.75,45.75,939800.0,43570000.0,46.77,1600,46.76,1000,46.74,200,46.69,300,46.68,1400,46.8,700,46.81,1000,46.82,1800,46.83,100,46.84,300,HOLD
1780364284079,09:38:00,46.84,46.07,46.87,45.75,45.75,950300.0,44060000.0,46.84,3900,46.77,1300,46.76,1000,46.75,100,46.74,200,46.87,400,46.88,1800,46.89,500,46.9,300,46.92,200,HOLD
1780364287279,09:38:03,46.87,46.07,46.87,45.75,45.75,952700.0,44170000.0,46.85,1100,46.84,2700,46.8,3200,46.77,1300,46.76,1000,46.86,100,46.87,300,46.88,1800,46.89,500,46.9,300,HOLD
1780364290088,09:38:06,46.85,46.07,46.87,45.75,45.75,956600.0,44350000.0,46.85,1400,46.84,2700,46.8,3300,46.77,1300,46.76,1000,46.87,200,46.88,2300,46.89,500,46.9,400,46.92,200,HOLD
1780364293347,09:38:09,46.83,46.07,46.87,45.75,45.75,965600.0,44780000.0,46.8,3300,46.77,1300,46.76,1000,46.75,100,46.73,300,46.83,900,46.84,1400,46.85,2400,46.87,2100,46.88,3000,HOLD
1780364296111,09:38:12,46.8,46.07,46.87,45.75,45.75,974200.0,45180000.0,46.8,100,46.77,1300,46.76,1000,46.75,100,46.73,300,46.84,1300,46.85,1600,46.87,600,46.88,3000,46.89,500,HOLD
1780364299109,09:38:15,46.83,46.07,46.87,45.75,45.75,978900.0,45400000.0,46.83,17300,46.77,1300,46.76,1000,46.75,100,46.73,300,46.84,1900,46.85,3800,46.87,300,46.88,3000,46.89,1300,HOLD
1780364302126,09:38:18,46.84,46.07,46.87,45.75,45.75,993400.0,46080000.0,46.83,5600,46.8,400,46.77,1300,46.76,1000,46.75,100,46.84,200,46.85,4900,46.87,800,46.88,3000,46.89,1300,HOLD
1780364305133,09:38:21,46.83,46.07,46.87,45.75,45.75,999000.0,46340000.0,46.83,2000,46.82,100,46.8,700,46.77,1300,46.76,1000,46.85,4500,46.86,200,46.87,800,46.88,3000,46.89,1300,HOLD
1780364308145,09:38:24,46.82,46.07,46.87,45.75,45.75,1001200.0,46440000.0,46.8,700,46.77,1300,46.76,1000,46.75,100,46.69,600,46.81,200,46.82,200,46.83,100,46.84,1600,46.85,4500,HOLD
1780364311160,09:38:27,46.85,46.07,46.87,45.75,45.75,1012000.0,46950000.0,46.82,900,46.81,3400,46.8,100,46.77,1300,46.76,1000,46.85,1600,46.86,200,46.87,5900,46.88,3200,46.89,1400,HOLD
1780364314174,09:38:30,46.86,46.07,46.88,45.75,45.75,1027200.0,47660000.0,46.86,1000,46.85,2000,46.82,400,46.81,3400,46.8,100,46.87,100,46.88,1300,46.89,1400,46.9,2700,46.92,200,HOLD
1780364317435,09:38:33,46.87,46.07,46.93,45.75,45.75,1035000.0,48030000.0,46.88,100,46.87,1000,46.86,1100,46.85,4300,46.84,200,46.94,1300,46.95,200,46.97,300,46.98,700,46.99,2300,HOLD
1780364320789,09:38:36,46.83,46.07,46.94,45.75,45.75,1040900.0,48300000.0,46.82,200,46.81,600,46.77,1300,46.76,1000,46.75,100,46.83,2600,46.87,600,46.94,1200,46.95,200,46.97,300,HOLD
1780364326327,09:38:42,46.83,46.07,46.94,45.75,45.75,1046200.0,48550000.0,46.81,100,46.77,1300,46.76,1000,46.75,100,46.7,200,46.82,9500,46.84,4800,46.85,500,46.86,100,46.87,5100,HOLD
1780364329121,09:38:45,46.82,46.07,46.94,45.75,45.75,1048500.0,48660000.0,46.77,2800,46.76,1000,46.75,100,46.7,300,46.69,300,46.81,200,46.82,8800,46.83,100,46.84,4800,46.85,500,HOLD
1780364332134,09:38:48,46.81,46.07,46.94,45.75,45.75,1049300.0,48700000.0,46.77,2900,46.76,1000,46.75,100,46.7,300,46.69,300,46.8,500,46.81,2300,46.82,8900,46.83,200,46.84,4800,HOLD
1780364335355,09:38:51,46.81,46.07,46.94,45.75,45.75,1052000.0,48820000.0,46.77,2900,46.76,1000,46.75,100,46.7,300,46.69,300,46.81,100,46.82,8900,46.83,700,46.84,4800,46.85,500,HOLD
1780364338149,09:38:54,46.77,46.07,46.94,45.75,45.75,1052700.0,48860000.0,46.77,2700,46.76,1000,46.75,100,46.7,300,46.69,300,46.8,800,46.82,9100,46.83,900,46.84,4900,46.85,500,HOLD
1780364341160,09:38:57,46.77,46.07,46.94,45.75,45.75,1057800.0,49090000.0,46.81,400,46.76,1000,46.75,100,46.7,300,46.69,300,46.82,8300,46.83,900,46.84,4900,46.86,300,46.87,5700,HOLD
1780364344383,09:39:00,46.81,46.07,46.94,45.75,45.75,1090800.0,50640000.0,46.81,2200,46.8,1100,46.75,200,46.72,1300,46.71,500,46.82,7400,46.83,900,46.84,4900,46.86,300,46.87,5700,HOLD
1780364347177,09:39:03,46.83,46.07,46.94,45.75,45.75,1099200.0,51030000.0,46.81,1500,46.8,1100,46.75,200,46.72,1300,46.71,500,46.83,600,46.84,4900,46.86,300,46.87,5700,46.88,3700,HOLD
1780364350389,09:39:06,46.82,46.07,46.94,45.75,45.75,1106900.0,51390000.0,46.82,2800,46.81,2300,46.8,1100,46.75,300,46.72,1300,46.83,600,46.87,5700,46.88,3700,46.9,600,46.94,2600,HOLD
1780364353404,09:39:09,46.83,46.07,46.94,45.75,45.75,1110300.0,51550000.0,46.82,2000,46.81,2300,46.8,1100,46.75,300,46.72,1300,46.87,5000,46.88,4200,46.9,3900,46.94,2800,46.95,300,HOLD
1780364356201,09:39:12,46.86,46.07,46.94,45.75,45.75,1119200.0,51970000.0,46.86,800,46.83,4400,46.81,2300,46.8,1100,46.75,300,46.87,2700,46.88,3200,46.9,3900,46.94,2600,46.95,300,HOLD
1780364359819,09:39:15,46.86,46.07,46.94,45.75,45.75,1121300.0,52060000.0,46.83,4400,46.81,2300,46.8,1100,46.75,300,46.72,1400,46.86,2500,46.87,1600,46.88,3200,46.9,3900,46.94,2600,HOLD
1780364362223,09:39:18,46.86,46.07,46.94,45.75,45.75,1136700.0,52790000.0,46.75,300,46.72,1400,46.71,500,46.69,300,46.68,20100,46.81,800,46.82,1100,46.83,100,46.86,1200,46.87,1600,HOLD
1780364365238,09:39:21,46.83,46.07,46.94,45.75,45.75,1170200.0,54360000.0,46.77,100,46.76,100,46.75,300,46.72,1400,46.71,500,46.87,200,46.88,3200,46.9,3900,46.94,2600,46.95,300,HOLD
1780364368246,09:39:24,46.86,46.07,46.94,45.75,45.75,1174400.0,54550000.0,46.83,600,46.81,400,46.78,200,46.75,300,46.72,1400,46.86,100,46.87,4500,46.88,3200,46.9,3900,46.94,2600,HOLD
1780364371459,09:39:27,46.82,46.07,46.94,45.75,45.75,1176500.0,54650000.0,46.81,800,46.78,200,46.75,4100,46.72,1400,46.71,500,46.82,1900,46.83,600,46.85,400,46.86,700,46.87,300,HOLD
1780364374257,09:39:30,46.82,46.07,46.94,45.75,45.75,1179900.0,54810000.0,46.81,300,46.8,300,46.79,2900,46.78,200,46.75,4100,46.82,900,46.83,1300,46.85,700,46.86,1200,46.87,300,HOLD
1780364378048,09:39:33,46.81,46.07,46.94,45.75,45.75,1182500.0,54930000.0,46.8,300,46.79,2900,46.78,200,46.75,4100,46.72,1400,46.81,1300,46.83,1100,46.85,700,46.86,6500,46.87,300,HOLD
1780364380264,09:39:36,46.79,46.07,46.94,45.75,45.75,1188000.0,55190000.0,46.79,800,46.78,200,46.76,900,46.75,4100,46.72,1400,46.8,10200,46.81,100,46.82,300,46.83,1100,46.85,700,HOLD
1780364383273,09:39:39,46.76,46.07,46.94,45.75,45.75,1192300.0,55390000.0,46.76,1600,46.75,4100,46.72,1400,46.71,500,46.69,300,46.77,300,46.78,1200,46.79,1000,46.8,9900,46.81,1100,HOLD
1780364386669,09:39:42,46.76,46.07,46.94,45.75,45.75,1197500.0,55630000.0,46.75,800,46.72,1400,46.71,500,46.69,300,46.68,20100,46.76,400,46.77,1300,46.78,1200,46.79,5600,46.8,10100,HOLD
1780364389295,09:39:45,46.76,46.07,46.94,45.75,45.75,1201200.0,55810000.0,46.72,1000,46.71,500,46.69,300,46.68,20100,46.66,100,46.77,1300,46.78,1200,46.79,6400,46.8,10000,46.81,1600,HOLD
1780364392313,09:39:48,46.76,46.07,46.94,45.75,45.75,1203600.0,55920000.0,46.75,900,46.72,1000,46.71,500,46.69,2100,46.68,20100,46.76,400,46.77,1300,46.79,1500,46.8,10600,46.81,1600,HOLD
1780364395326,09:39:51,46.79,46.07,46.94,45.75,45.75,1209100.0,56180000.0,46.77,100,46.76,400,46.75,600,46.72,1100,46.71,500,46.79,3300,46.8,10700,46.81,2600,46.82,400,46.83,500,HOLD
1780364398545,09:39:54,46.79,46.07,46.94,45.75,45.75,1216700.0,56530000.0,46.76,1400,46.75,600,46.72,1100,46.71,500,46.69,2200,46.81,2600,46.82,400,46.83,300,46.84,1000,46.85,600,HOLD
1780364401738,09:39:57,46.83,46.07,46.94,45.75,45.75,1221100.0,56740000.0,46.82,800,46.81,900,46.8,1800,46.79,5800,46.76,1300,46.83,100,46.84,1000,46.85,600,46.86,7000,46.87,600,HOLD
1780364404355,09:40:00,46.83,46.07,46.94,45.75,45.75,1224100.0,56880000.0,46.83,4200,46.82,1000,46.81,1100,46.79,5800,46.76,1300,46.86,7000,46.87,600,46.88,3400,46.9,4200,46.94,3000,HOLD
1780364407361,09:40:03,46.94,46.07,46.94,45.75,45.75,1241500.0,57690000.0,46.9,100,46.87,900,46.86,9100,46.85,2000,46.84,900,46.94,1800,46.95,300,46.96,100,46.97,400,46.98,1400,HOLD
1780364410356,09:40:06,46.99,46.07,46.99,45.75,45.75,1251000.0,58140000.0,46.98,900,46.97,600,46.96,700,46.95,100,46.94,600,46.99,700,47.0,41400,47.01,200,47.02,700,47.05,400,HOLD
1780364413371,09:40:09,47.0,46.07,47.0,45.75,45.75,1255000.0,58330000.0,46.99,1700,46.98,1300,46.97,600,46.96,700,46.95,6000,47.0,38200,47.01,200,47.02,700,47.05,400,47.06,1000,HOLD
1780364416379,09:40:12,47.05,46.07,47.07,45.75,45.75,1298000.0,60350000.0,47.05,1900,47.04,2200,47.03,1300,47.02,800,47.01,14000,47.08,700,47.09,100,47.1,1500,47.11,900,47.12,100,HOLD
1780364420206,09:40:15,47.09,46.07,47.1,45.75,45.75,1300600.0,60470000.0,47.09,3500,47.08,2600,47.06,1300,47.05,2300,47.04,2200,47.11,900,47.12,100,47.13,200,47.15,200,47.16,600,HOLD
1780364422395,09:40:18,47.11,46.07,47.15,45.75,45.75,1303200.0,60590000.0,47.11,1000,47.1,1600,47.09,3700,47.08,2700,47.06,1300,47.15,300,47.16,400,47.17,6300,47.18,500,47.2,3000,HOLD
1780364425396,09:40:21,47.17,46.07,47.17,45.75,45.75,1310000.0,60910000.0,47.12,3100,47.11,4100,47.1,1500,47.09,3700,47.08,700,47.17,300,47.18,500,47.2,3000,47.21,1200,47.22,100,HOLD
1780364428400,09:40:24,47.17,46.07,47.17,45.75,45.75,1311600.0,60990000.0,47.17,1800,47.15,4000,47.14,600,47.13,1500,47.12,2200,47.18,500,47.2,3000,47.21,1200,47.22,100,47.25,300,HOLD
1780364431409,09:40:27,47.18,46.07,47.18,45.75,45.75,1321000.0,61430000.0,47.14,200,47.13,1500,47.12,2100,47.11,3000,47.1,1200,47.16,300,47.18,800,47.2,3000,47.21,1200,47.22,100,HOLD
1780364434414,09:40:30,47.17,46.07,47.18,45.75,45.75,1328300.0,61780000.0,47.14,1900,47.13,700,47.12,100,47.11,4200,47.1,1200,47.18,1700,47.2,3000,47.21,1200,47.22,100,47.25,300,HOLD
1780364437424,09:40:33,47.11,46.07,47.18,45.75,45.75,1339400.0,62300000.0,47.09,700,47.08,700,47.06,1200,47.05,2300,47.04,2200,47.12,100,47.13,300,47.14,400,47.17,2600,47.18,1000,HOLD
1780364440423,09:40:36,47.12,46.07,47.18,45.75,45.75,1343800.0,62510000.0,47.06,1100,47.05,2300,47.04,2200,47.02,200,47.01,400,47.12,700,47.14,2600,47.15,1000,47.16,500,47.17,2900,HOLD
1780364443432,09:40:39,47.12,46.07,47.18,45.75,45.75,1361400.0,63340000.0,47.01,400,47.0,500,46.99,700,46.98,1100,46.97,3100,47.12,2100,47.14,2600,47.15,1000,47.16,500,47.17,2700,HOLD
1780364446442,09:40:42,47.04,46.07,47.18,45.75,45.75,1364100.0,63460000.0,47.01,2900,47.0,500,46.99,700,46.98,1100,46.97,3100,47.04,2200,47.06,300,47.09,100,47.1,500,47.12,2600,HOLD
1780364449443,09:40:45,47.01,46.07,47.18,45.75,45.75,1371200.0,63800000.0,46.98,1400,46.97,3100,46.96,300,46.95,100,46.94,400,47.01,4100,47.03,500,47.04,700,47.06,400,47.08,200,HOLD
1780364452447,09:40:48,46.94,46.07,47.18,45.75,45.75,1377600.0,64100000.0,46.87,1600,46.86,4300,46.85,700,46.84,400,46.83,4000,46.95,300,46.96,600,46.97,1800,46.98,8400,47.01,4800,HOLD
1780364455457,09:40:51,46.93,46.07,47.18,45.75,45.75,1378300.0,64130000.0,46.88,300,46.87,1700,46.86,4300,46.85,700,46.84,400,46.95,500,46.98,9100,47.0,9800,47.01,5100,47.04,600,HOLD
1780364458465,09:40:54,46.95,46.07,47.18,45.75,45.75,1379400.0,64180000.0,46.88,400,46.87,1700,46.86,4300,46.85,700,46.84,400,46.9,700,46.94,200,46.95,200,46.98,700,47.0,300,HOLD
1780364461465,09:40:57,46.93,46.07,47.18,45.75,45.75,1381200.0,64270000.0,46.87,1800,46.86,4300,46.85,700,46.84,400,46.83,4000,46.94,100,46.95,300,46.96,500,46.97,700,46.98,700,HOLD
1780364464477,09:41:00,46.85,46.07,47.18,45.75,45.75,1388100.0,64590000.0,46.83,4000,46.82,200,46.81,200,46.8,300,46.76,100,46.84,600,46.85,600,46.87,100,46.88,100,46.89,100,HOLD
1780364467882,09:41:03,46.89,46.07,47.18,45.75,45.75,1396000.0,64960000.0,46.84,200,46.81,500,46.8,300,46.76,100,46.75,500,46.91,400,46.92,700,46.93,500,46.94,200,46.95,200,HOLD
1780364470483,09:41:06,46.88,46.07,47.18,45.75,45.75,1396500.0,64980000.0,46.87,2900,46.86,1500,46.85,200,46.84,900,46.81,500,46.88,300,46.9,100,46.91,400,46.94,200,46.95,600,HOLD
1780364473479,09:41:09,46.88,46.07,47.18,45.75,45.75,1397600.0,65030000.0,46.87,2500,46.86,1500,46.85,300,46.84,1000,46.81,500,46.88,600,46.9,100,46.91,900,46.94,200,46.95,600,HOLD
1780364476480,09:41:12,46.86,46.07,47.18,45.75,45.75,1402300.0,65260000.0,46.85,2300,46.84,1000,46.81,500,46.8,2300,46.76,100,46.86,7300,46.87,600,46.88,600,46.89,600,46.9,100,HOLD
1780364480043,09:41:15,46.86,46.07,47.18,45.75,45.75,1404700.0,65370000.0,46.85,2500,46.84,800,46.81,500,46.8,2300,46.76,100,46.86,5600,46.87,1200,46.88,2400,46.91,900,46.94,300,HOLD
1780364482500,09:41:18,46.85,46.07,47.18,45.75,45.75,1406700.0,65460000.0,46.85,1500,46.84,800,46.81,500,46.8,2700,46.76,100,46.86,5700,46.87,1300,46.88,3200,46.91,1000,46.94,200,HOLD
1780364485512,09:41:21,46.84,46.07,47.18,45.75,45.75,1410800.0,65650000.0,46.81,500,46.8,2700,46.76,100,46.75,500,46.73,500,46.85,21000,46.86,5000,46.87,1300,46.88,3300,46.9,200,HOLD
1780364488517,09:41:24,46.81,46.07,47.18,45.75,45.75,1412700.0,65740000.0,46.8,2700,46.76,100,46.75,500,46.73,500,46.72,400,46.81,400,46.82,200,46.83,200,46.84,1100,46.85,25500,HOLD
1780364491913,09:41:27,46.82,46.07,47.18,45.75,45.75,1413300.0,65770000.0,46.8,2900,46.76,100,46.75,500,46.73,500,46.72,400,46.82,100,46.83,200,46.84,1100,46.85,26100,46.86,5000,HOLD
1780364494536,09:41:30,46.83,46.07,47.18,45.75,45.75,1414700.0,65840000.0,46.81,600,46.8,4400,46.76,100,46.75,500,46.73,500,46.83,100,46.84,1100,46.85,24800,46.86,5000,46.87,3400,HOLD
1780364497536,09:41:33,46.82,46.07,47.18,45.75,45.75,1420500.0,66110000.0,46.82,300,46.8,2300,46.76,100,46.75,500,46.73,500,46.83,1800,46.84,900,46.85,24500,46.86,5000,46.87,3400,HOLD
1780364500547,09:41:36,46.8,46.07,47.18,45.75,45.75,1424500.0,66290000.0,46.76,100,46.75,500,46.73,500,46.72,400,46.69,100,46.8,400,46.81,1600,46.82,1000,46.83,2500,46.84,1000,HOLD
1780364503557,09:41:39,46.75,46.07,47.18,45.75,45.75,1425600.0,66350000.0,46.75,100,46.72,400,46.69,100,46.68,20100,46.65,100,46.76,700,46.77,2100,46.78,100,46.79,400,46.8,1500,HOLD
1780364506579,09:41:42,46.72,46.07,47.18,45.75,45.75,1426500.0,66390000.0,46.69,100,46.68,20100,46.65,100,46.6,600,46.59,300,46.71,300,46.72,1100,46.73,500,46.74,100,46.75,1400,HOLD
1780364509592,09:41:45,46.72,46.07,47.18,45.75,45.75,1426500.0,66390000.0,46.69,800,46.68,20100,46.65,100,46.6,600,46.59,300,46.7,100,46.71,300,46.72,1000,46.73,500,46.74,100,HOLD
1780364512610,09:41:51,46.58,46.07,47.18,45.75,45.75,1450100.0,67490000.0,46.58,36000,46.53,2500,46.51,1100,46.5,1700,46.43,200,46.59,1000,46.6,900,46.61,1100,46.65,100,46.68,46500,HOLD
1780364518629,09:41:54,46.5,46.07,47.18,45.75,45.75,1501200.0,69870000.0,46.52,400,46.51,4400,46.5,3600,46.44,300,46.43,200,46.58,400,46.6,1000,46.61,1000,46.65,100,46.68,45100,HOLD
1780364521640,09:41:57,46.62,46.07,47.18,45.75,45.75,1507400.0,70160000.0,46.62,2800,46.6,300,46.59,700,46.58,200,46.57,4500,46.67,1200,46.68,2100,46.69,3400,46.7,600,46.72,100,HOLD
1780364524650,09:42:00,46.73,46.07,47.18,45.75,45.75,1516400.0,70580000.0,46.73,3300,46.69,1600,46.68,7000,46.67,1400,46.62,2700,46.75,1800,46.76,1000,46.77,300,46.8,300,46.81,100,HOLD
1780364527865,09:42:03,46.73,46.07,47.18,45.75,45.75,1518700.0,70690000.0,46.73,3000,46.69,1900,46.68,7000,46.67,900,46.62,2700,46.76,1000,46.77,300,46.8,300,46.81,100,46.82,3300,HOLD
1780364530675,09:42:06,46.76,46.07,47.18,45.75,45.75,1520000.0,70750000.0,46.76,400,46.75,600,46.74,300,46.73,3100,46.69,1900,46.77,300,46.8,300,46.81,100,46.82,3300,46.84,500,HOLD
1780364533688,09:42:09,46.76,46.07,47.18,45.75,45.75,1520000.0,70750000.0,46.76,1300,46.75,700,46.74,300,46.73,3100,46.69,1900,46.77,300,46.8,300,46.81,100,46.82,3300,46.84,500,HOLD
1780364536693,09:42:12,46.76,46.07,47.18,45.75,45.75,1523800.0,70920000.0,46.76,1100,46.75,600,46.74,300,46.73,3300,46.69,1900,46.77,200,46.8,800,46.81,100,46.82,3300,46.84,500,HOLD
1780364539719,09:42:15,46.75,46.07,47.18,45.75,45.75,1527300.0,71090000.0,46.73,3300,46.69,1900,46.68,7000,46.67,400,46.62,2400,46.75,100,46.76,4000,46.77,400,46.78,400,46.8,800,HOLD
1780364542729,09:42:18,46.73,46.07,47.18,45.75,45.75,1530800.0,71250000.0,46.69,3900,46.68,7000,46.67,300,46.62,2400,46.6,2000,46.73,2300,46.74,200,46.75,100,46.76,4000,46.8,800,HOLD
1780364545716,09:42:21,46.73,46.07,47.18,45.75,45.75,1533700.0,71390000.0,46.69,2600,46.68,7000,46.67,300,46.62,2100,46.6,2000,46.73,4400,46.74,200,46.75,100,46.76,4000,46.8,800,HOLD
1780364549116,09:42:24,46.69,46.07,47.18,45.75,45.75,1533900.0,71400000.0,46.69,3400,46.68,7000,46.67,300,46.62,2100,46.55,300,46.71,500,46.72,1600,46.73,4900,46.74,100,46.76,4000,HOLD
1780364551749,09:42:27,46.69,46.07,47.18,45.75,45.75,1534100.0,71410000.0,46.69,3700,46.68,7000,46.67,300,46.62,2100,46.6,500,46.7,400,46.71,600,46.72,1600,46.73,5000,46.74,100,HOLD
1780364555176,09:42:30,46.68,46.07,47.18,45.75,45.75,1539500.0,71660000.0,46.68,6100,46.67,100,46.65,200,46.62,2100,46.6,500,46.69,8700,46.7,1300,46.71,600,46.72,1600,46.73,5000,HOLD
1780364557767,09:42:33,46.68,46.07,47.18,45.75,45.75,1540900.0,71720000.0,46.68,5000,46.67,600,46.65,200,46.62,2100,46.6,500,46.69,11500,46.7,1400,46.71,600,46.72,1600,46.73,5000,HOLD
1780364561325,09:42:36,46.68,46.07,47.18,45.75,45.75,1547600.0,72040000.0,46.67,100,46.65,200,46.62,2100,46.6,500,46.55,300,46.68,1000,46.69,11600,46.7,1400,46.71,100,46.72,1600,HOLD
1780364563767,09:42:39,46.68,46.07,47.18,45.75,45.75,1552300.0,72260000.0,46.68,7400,46.67,100,46.65,500,46.62,2100,46.6,700,46.69,11700,46.7,1400,46.71,100,46.72,1600,46.73,5000,HOLD
1780364567401,09:42:42,46.66,46.07,47.18,45.75,45.75,1561000.0,72660000.0,46.66,800,46.65,500,46.62,2100,46.6,700,46.55,300,46.69,11900,46.7,1400,46.71,100,46.72,1600,46.73,5000,HOLD
1780364569779,09:42:45,46.69,46.07,47.18,45.75,45.75,1563400.0,72770000.0,46.67,1000,46.66,500,46.65,700,46.62,2100,46.6,700,46.69,2100,46.7,900,46.71,100,46.72,1600,46.73,5000,HOLD
1780364572781,09:42:48,46.66,46.07,47.18,45.75,45.75,1565300.0,72860000.0,46.65,700,46.62,2100,46.6,700,46.55,300,46.52,8000,46.66,9100,46.68,1100,46.69,2100,46.7,900,46.71,100,HOLD
1780364576203,09:42:54,46.65,46.07,47.18,45.75,45.75,1572900.0,73220000.0,46.65,900,46.64,200,46.62,2100,46.6,700,46.55,300,46.66,2500,46.67,40100,46.68,900,46.69,1600,46.7,900,HOLD
1780364582358,09:42:57,46.62,46.07,47.18,45.75,45.75,1576700.0,73390000.0,46.6,700,46.55,300,46.53,100,46.52,8000,46.5,4100,46.63,700,46.65,600,46.66,3200,46.67,40100,46.68,900,HOLD
1780364584800,09:43:00,46.6,46.07,47.18,45.75,45.75,1577500.0,73430000.0,46.55,300,46.53,100,46.52,8000,46.5,4000,46.45,200,46.6,400,46.61,100,46.62,100,46.63,1000,46.65,1500,HOLD
1780364587816,09:43:03,46.6,46.07,47.18,45.75,45.75,1577600.0,73440000.0,46.55,300,46.53,100,46.52,8000,46.5,4000,46.45,200,46.59,400,46.6,700,46.61,100,46.62,100,46.63,300,HOLD
1780364591211,09:43:06,46.55,46.07,47.18,45.75,45.75,1582300.0,73650000.0,46.52,7600,46.51,100,46.5,4000,46.45,200,46.44,300,46.55,200,46.58,500,46.59,8500,46.6,3700,46.62,100,HOLD
1780364593829,09:43:09,46.51,46.07,47.18,45.75,45.75,1591400.0,74080000.0,46.51,300,46.5,3500,46.45,200,46.43,200,46.42,200,46.53,600,46.54,100,46.55,5100,46.58,500,46.59,7900,HOLD
1780364596829,09:43:12,46.5,46.07,47.18,45.75,45.75,1595500.0,74270000.0,46.5,3400,46.45,200,46.43,200,46.42,200,46.38,100,46.51,3500,46.52,2000,46.53,100,46.54,1200,46.55,4300,HOLD
1780364599847,09:43:15,46.45,46.07,47.18,45.75,45.75,1601500.0,74550000.0,46.38,100,46.37,100,46.34,2200,46.33,100,46.3,600,46.45,200,46.46,100,46.47,600,46.48,300,46.49,600,HOLD
1780364602844,09:43:18,46.38,46.07,47.18,45.75,45.75,1603600.0,74650000.0,46.38,1900,46.37,600,46.34,2200,46.33,100,46.3,600,46.44,7800,46.45,100,46.48,200,46.5,6600,46.51,2100,HOLD
1780364605859,09:43:21,46.38,46.07,47.18,45.75,45.75,1605400.0,74730000.0,46.38,7600,46.37,1600,46.34,2200,46.33,100,46.3,300,46.44,8000,46.45,200,46.48,200,46.5,1200,46.51,2000,HOLD
1780364608864,09:43:24,46.4,46.07,47.18,45.75,45.75,1607000.0,74800000.0,46.41,600,46.4,100,46.38,7800,46.37,1600,46.34,2200,46.44,7900,46.48,200,46.5,500,46.51,1500,46.52,800,HOLD
1780364611880,09:43:27,46.39,46.07,47.18,45.75,45.75,1611600.0,75020000.0,46.38,5700,46.37,1600,46.36,500,46.34,2200,46.33,100,46.41,45700,46.44,6900,46.48,200,46.51,1000,46.52,800,HOLD
1780364614885,09:43:30,46.41,46.07,47.18,45.75,45.75,1611700.0,75020000.0,46.38,12400,46.37,1600,46.36,500,46.34,2200,46.33,100,46.4,100,46.41,45600,46.44,6900,46.48,200,46.51,1000,HOLD
1780364617888,09:43:36,46.5,46.07,47.18,45.75,45.75,1671000.0,77770000.0,46.5,3000,46.49,1800,46.48,10800,46.46,7600,46.44,8100,46.52,200,46.54,100,46.55,3500,46.58,100,46.59,100,HOLD
1780364621619,09:43:39,46.53,46.07,47.18,45.75,45.75,1673000.0,77870000.0,46.53,800,46.52,400,46.51,700,46.5,3000,46.49,1800,46.55,2400,46.58,100,46.59,100,46.62,100,46.65,500,HOLD
1780364626933,09:43:42,46.55,46.07,47.18,45.75,45.75,1673300.0,77880000.0,46.53,1800,46.52,400,46.51,700,46.5,2000,46.49,1800,46.55,2100,46.58,100,46.59,100,46.62,100,46.65,500,HOLD
1780364629936,09:43:45,46.55,46.07,47.18,45.75,45.75,1674600.0,77940000.0,46.54,100,46.53,3100,46.52,300,46.51,700,46.5,2000,46.55,900,46.58,100,46.59,100,46.62,100,46.65,500,HOLD
1780364632947,09:43:48,46.54,46.07,47.18,45.75,45.75,1681100.0,78240000.0,46.55,800,46.54,400,46.53,3100,46.52,300,46.51,700,46.58,100,46.59,100,46.62,100,46.65,500,46.66,500,HOLD
1780364635948,09:43:51,46.58,46.07,47.18,45.75,45.75,1682800.0,78320000.0,46.58,1100,46.56,100,46.55,2000,46.54,1400,46.53,3100,46.59,100,46.62,100,46.65,500,46.66,500,46.67,100,HOLD
1780364638967,09:43:54,46.59,46.07,47.18,45.75,45.75,1684300.0,78390000.0,46.56,100,46.55,2000,46.54,400,46.53,3100,46.52,300,46.62,100,46.65,500,46.66,500,46.67,100,46.68,900,HOLD
1780364642385,09:44:00,46.58,46.07,47.18,45.75,45.75,1687000.0,78520000.0,46.56,100,46.55,400,46.54,400,46.53,2300,46.52,600,46.58,2000,46.59,400,46.62,200,46.63,300,46.64,3300,HOLD
1780364645196,09:44:03,46.58,46.07,47.18,45.75,45.75,1689300.0,78630000.0,46.54,400,46.53,2300,46.52,600,46.51,700,46.5,3000,46.58,1900,46.59,400,46.62,200,46.63,300,46.64,3300,HOLD
1780364651015,09:44:06,46.58,46.07,47.18,45.75,45.75,1694900.0,78890000.0,46.56,200,46.55,700,46.54,1100,46.53,2000,46.52,300,46.57,1000,46.59,1500,46.62,200,46.63,300,46.64,3300,HOLD
1780364654014,09:44:09,46.53,46.07,47.18,45.75,45.75,1698900.0,79070000.0,46.53,200,46.52,300,46.51,100,46.5,3100,46.49,1800,46.56,4000,46.57,1200,46.58,500,46.59,1500,46.62,200,HOLD
1780364657028,09:44:12,46.5,46.07,47.18,45.75,45.75,1703300.0,79280000.0,46.49,1800,46.41,100,46.4,500,46.39,700,46.38,16700,46.53,1200,46.56,3400,46.57,100,46.58,600,46.59,1400,HOLD
1780364660043,09:44:15,46.44,46.07,47.18,45.75,45.75,1709300.0,79560000.0,46.46,1400,46.44,1000,46.43,1300,46.41,100,46.4,500,46.48,1000,46.49,600,46.53,1400,46.56,800,46.57,100,HOLD
1780364663465,09:44:18,46.51,46.07,47.18,45.75,45.75,1716500.0,79890000.0,46.44,1400,46.43,1300,46.41,100,46.4,500,46.39,700,46.51,1300,46.52,400,46.53,300,46.56,800,46.57,100,HOLD
1780364666074,09:44:21,46.48,46.07,47.18,45.75,45.75,1716900.0,79910000.0,46.44,1400,46.43,1300,46.41,100,46.4,500,46.39,700,46.48,500,46.49,600,46.51,500,46.53,300,46.55,100,HOLD
1780364669081,09:44:24,46.43,46.07,47.18,45.75,45.75,1720200.0,80060000.0,46.41,100,46.4,500,46.39,100,46.38,16700,46.37,600,46.43,500,46.44,2900,46.48,300,46.49,600,46.51,500,HOLD
1780364672090,09:44:27,46.4,46.07,47.18,45.75,45.75,1721000.0,80100000.0,46.39,100,46.38,16700,46.37,600,46.36,700,46.35,100,46.4,200,46.41,800,46.42,400,46.43,500,46.44,2700,HOLD
1780364675106,09:44:33,46.34,46.07,47.18,45.75,45.75,1743300.0,81130000.0,46.34,1200,46.3,3100,46.28,700,46.25,36300,46.24,2000,46.38,3000,46.39,21100,46.4,1500,46.41,500,46.43,200,HOLD
1780364681119,09:44:36,46.3,46.07,47.18,45.75,45.75,1745900.0,81250000.0,46.3,300,46.28,700,46.25,36300,46.24,2000,46.23,500,46.34,6300,46.38,1400,46.39,21100,46.4,1200,46.41,500,HOLD
1780364684550,09:44:39,46.28,46.07,47.18,45.75,45.75,1750500.0,81470000.0,46.28,400,46.25,36300,46.24,2000,46.23,500,46.21,300,46.29,600,46.3,3200,46.34,3100,46.38,1900,46.39,21100,HOLD
1780364687145,09:44:42,46.25,46.07,47.18,45.75,45.75,1753200.0,81590000.0,46.25,35400,46.24,2000,46.23,500,46.21,300,46.2,400,46.28,200,46.29,500,46.3,800,46.34,3000,46.38,1900,HOLD
1780364690148,09:44:45,46.25,46.07,47.18,45.75,45.75,1753400.0,81600000.0,46.25,35500,46.24,2000,46.23,500,46.22,200,46.21,300,46.26,1100,46.28,1200,46.29,200,46.3,1400,46.34,2500,HOLD
1780364693149,09:44:48,46.25,46.07,47.18,45.75,45.75,1775200.0,82610000.0,46.25,14700,46.24,2000,46.23,500,46.22,200,46.21,300,46.26,2700,46.28,3200,46.29,200,46.3,1400,46.34,2500,HOLD
1780364696165,09:44:54,46.25,46.07,47.18,45.75,45.75,1783700.0,83000000.0,46.25,7500,46.24,2500,46.23,1000,46.22,200,46.21,300,46.26,2500,46.28,2500,46.29,200,46.3,1400,46.34,2500,HOLD
1780364702179,09:44:57,46.25,46.07,47.18,45.75,45.75,1793500.0,83460000.0,46.24,1200,46.23,1000,46.22,200,46.21,300,46.2,2100,46.28,2500,46.29,200,46.3,1400,46.34,2500,46.38,1100,HOLD
1780364705183,09:45:00,46.22,46.07,47.18,45.75,45.75,1796300.0,83590000.0,46.21,200,46.2,2000,46.18,200,46.17,6100,46.15,100,46.22,100,46.23,500,46.25,1000,46.27,600,46.28,2300,HOLD
1780364708195,09:45:03,46.21,46.07,47.18,45.75,45.75,1796500.0,83600000.0,46.2,2000,46.18,200,46.17,6100,46.15,100,46.12,17100,46.21,3300,46.22,500,46.25,1000,46.27,600,46.28,2500,HOLD
1780364711208,09:45:09,46.15,46.07,47.18,45.75,45.75,1806500.0,84060000.0,46.16,2700,46.12,17100,46.11,19700,46.1,2900,46.08,200,46.17,5700,46.18,1100,46.19,200,46.2,7800,46.21,700,HOLD
1780364717218,09:45:12,46.16,46.07,47.18,45.75,45.75,1808800.0,84160000.0,46.16,600,46.12,17100,46.11,19700,46.1,2900,46.08,200,46.17,5800,46.18,500,46.19,400,46.2,2900,46.21,700,HOLD
1780364720217,09:45:15,46.22,46.07,47.18,45.75,45.75,1823400.0,84840000.0,46.22,1000,46.21,2500,46.2,1200,46.19,2800,46.18,500,46.25,2500,46.27,200,46.28,1700,46.3,1400,46.34,2400,HOLD
1780364723234,09:45:18,46.24,46.07,47.18,45.75,45.75,1823600.0,84850000.0,46.23,300,46.22,1000,46.21,2500,46.2,1200,46.19,2800,46.25,1000,46.27,300,46.28,1700,46.3,1400,46.34,2400,HOLD
1780364726251,09:45:21,46.25,46.07,47.18,45.75,45.75,1824800.0,84900000.0,46.23,300,46.22,1000,46.21,2500,46.2,1200,46.19,2800,46.25,600,46.27,300,46.28,1700,46.3,1400,46.34,2400,HOLD
1780364729258,09:45:27,46.3,46.07,47.18,45.75,45.75,1827700.0,85040000.0,46.32,3100,46.3,1500,46.28,3600,46.26,100,46.25,27100,46.34,2400,46.38,1100,46.41,200,46.44,300,46.45,300,HOLD
1780364735869,09:45:30,46.34,46.07,47.18,45.75,45.75,1830300.0,85160000.0,46.34,1200,46.33,700,46.32,2900,46.3,1500,46.28,3600,46.35,100,46.38,1100,46.41,200,46.44,300,46.45,300,HOLD
1780364738269,09:45:36,46.33,46.07,47.18,45.75,45.75,1834000.0,85330000.0,46.34,100,46.32,2400,46.3,1500,46.28,3600,46.25,29400,46.37,100,46.38,600,46.41,200,46.44,300,46.45,300,HOLD
1780364744289,09:45:39,46.37,46.07,47.18,45.75,45.75,1837100.0,85470000.0,46.33,200,46.32,2400,46.3,1700,46.28,200,46.25,29300,46.41,200,46.44,300,46.45,300,46.48,100,46.49,600,HOLD
1780364747295,09:45:42,46.41,46.07,47.18,45.75,45.75,1837800.0,85500000.0,46.37,1300,46.36,200,46.35,6200,46.34,200,46.33,200,46.44,300,46.45,300,46.48,100,46.49,600,46.5,200,HOLD
1780364750306,09:45:48,46.42,46.07,47.18,45.75,45.75,1839600.0,85590000.0,46.42,100,46.41,100,46.38,300,46.37,1500,46.36,200,46.44,300,46.45,400,46.48,100,46.49,600,46.5,200,HOLD
1780364756325,09:45:51,46.41,46.07,47.18,45.75,45.75,1849900.0,86070000.0,46.35,5800,46.34,300,46.3,300,46.28,200,46.25,29200,46.41,300,46.42,100,46.43,3600,46.44,300,46.45,400,HOLD
1780364759324,09:45:54,46.41,46.07,47.18,45.75,45.75,1849900.0,86070000.0,46.36,700,46.35,5800,46.34,300,46.3,300,46.28,200,46.41,200,46.42,200,46.43,3600,46.45,400,46.48,100,HOLD
1780364762346,09:45:57,46.41,46.07,47.18,45.75,45.75,1850100.0,86070000.0,46.37,1800,46.36,700,46.35,5800,46.34,300,46.3,300,46.41,500,46.42,200,46.43,3600,46.45,400,46.48,100,HOLD
1780364765354,09:46:00,46.37,46.07,47.18,45.75,45.75,1852500.0,86190000.0,46.36,500,46.35,400,46.34,300,46.3,300,46.28,200,46.37,100,46.4,5100,46.41,400,46.42,300,46.43,3600,HOLD
1780364768352,09:46:06,46.35,46.07,47.18,45.75,45.75,1855600.0,86330000.0,46.34,300,46.3,1000,46.28,200,46.25,28200,46.24,100,46.35,100,46.36,1200,46.37,1600,46.39,500,46.4,4700,HOLD
1780364771372,09:46:09,46.35,46.07,47.18,45.75,45.75,1861700.0,86610000.0,46.34,700,46.3,1000,46.28,200,46.25,28200,46.24,100,46.35,800,46.37,1600,46.4,5000,46.41,600,46.42,300,HOLD
1780364777387,09:46:15,46.35,46.07,47.18,45.75,45.75,1862200.0,86640000.0,46.34,800,46.3,1100,46.28,200,46.25,28900,46.24,100,46.35,1100,46.37,1600,46.4,5000,46.41,600,46.42,300,HOLD
1780364783402,09:46:21,46.3,46.07,47.18,45.75,45.75,1865800.0,86800000.0,46.3,900,46.25,28900,46.24,100,46.23,1500,46.22,1000,46.33,400,46.34,1100,46.36,2200,46.37,1600,46.38,100,HOLD
1780364789416,09:46:24,46.3,46.07,47.18,45.75,45.75,1867200.0,86870000.0,46.25,28900,46.24,100,46.23,1500,46.22,1000,46.21,400,46.29,200,46.3,4100,46.33,5000,46.34,1100,46.36,2200,HOLD
1780364792432,09:46:27,46.25,46.07,47.18,45.75,45.75,1868300.0,86920000.0,46.25,27800,46.24,100,46.23,1500,46.22,1000,46.21,400,46.28,500,46.29,2800,46.3,1600,46.33,5000,46.34,1100,HOLD
1780364795448,09:46:33,46.25,46.07,47.18,45.75,45.75,1885500.0,87710000.0,46.25,10600,46.24,100,46.23,1500,46.22,1000,46.21,400,46.27,300,46.28,600,46.29,300,46.3,600,46.33,5000,HOLD
1780364802088,09:46:36,46.25,46.07,47.18,45.75,45.75,1886700.0,87770000.0,46.25,10100,46.24,100,46.23,1500,46.22,1000,46.21,400,46.27,200,46.28,100,46.29,100,46.3,600,46.33,4900,HOLD
1780364804483,09:46:39,46.25,46.07,47.18,45.75,45.75,1888400.0,87850000.0,46.25,8400,46.24,100,46.23,1700,46.22,1000,46.21,400,46.27,200,46.28,200,46.29,100,46.3,600,46.31,300,HOLD
1780364807480,09:46:45,46.33,46.07,47.18,45.75,45.75,1893700.0,88090000.0,46.32,400,46.31,1800,46.3,3100,46.29,2000,46.27,200,46.33,3200,46.34,1100,46.35,100,46.36,2100,46.37,1600,HOLD
1780364813503,09:46:48,46.31,46.07,47.18,45.75,45.75,1894800.0,88140000.0,46.31,2400,46.3,3100,46.29,2000,46.27,500,46.26,700,46.32,100,46.33,3200,46.34,1200,46.35,100,46.36,2100,HOLD
1780364816517,09:46:51,46.31,46.07,47.18,45.75,45.75,1895200.0,88160000.0,46.31,3700,46.3,3100,46.29,2000,46.27,500,46.26,700,46.32,200,46.33,3200,46.34,1200,46.35,100,46.36,2100,HOLD
1780364819519,09:46:54,46.3,46.07,47.18,45.75,45.75,1904300.0,88580000.0,46.27,500,46.26,700,46.25,7700,46.24,100,46.23,1700,46.3,200,46.31,3200,46.32,1400,46.33,3400,46.34,1300,HOLD
1780364822527,09:47:00,46.26,46.07,47.18,45.75,45.75,1905900.0,88660000.0,46.26,400,46.25,13700,46.24,100,46.23,1700,46.22,1000,46.3,600,46.31,2600,46.32,400,46.33,3400,46.34,1300,HOLD
1780364825929,09:47:03,46.29,46.07,47.18,45.75,45.75,1906300.0,88680000.0,46.26,400,46.25,14000,46.24,100,46.23,1700,46.22,1000,46.29,700,46.3,600,46.31,2700,46.32,500,46.33,3400,HOLD
1780364831537,09:47:06,46.29,46.07,47.18,45.75,45.75,1906300.0,88680000.0,46.26,400,46.25,14000,46.24,100,46.23,1700,46.22,1000,46.28,700,46.29,1800,46.3,700,46.31,1700,46.32,500,HOLD
1780364834551,09:47:12,46.25,46.07,47.18,45.75,45.75,1912000.0,88940000.0,46.25,8900,46.24,100,46.23,1700,46.22,1000,46.21,400,46.26,300,46.27,200,46.28,1000,46.29,1800,46.3,700,HOLD
1780364840574,09:47:15,46.25,46.07,47.18,45.75,45.75,1913300.0,89000000.0,46.25,8000,46.24,100,46.23,1700,46.22,1000,46.21,400,46.26,400,46.27,400,46.28,1200,46.29,1800,46.3,700,HOLD
1780364843581,09:47:18,46.22,46.07,47.18,45.75,45.75,1923900.0,89490000.0,46.22,700,46.21,400,46.2,500,46.17,400,46.16,700,46.23,1200,46.25,4000,46.26,1200,46.27,500,46.28,1200,HOLD
1780364846598,09:47:24,46.23,46.07,47.18,45.75,45.75,1925300.0,89560000.0,46.21,100,46.2,500,46.17,400,46.16,700,46.15,100,46.23,1100,46.25,4100,46.26,1200,46.27,900,46.28,1200,HOLD
1780364849597,09:47:27,46.31,46.07,47.18,45.75,45.75,1936600.0,90080000.0,46.3,1200,46.29,1200,46.28,2400,46.27,2300,46.26,2100,46.31,1100,46.32,400,46.33,3500,46.34,1200,46.35,2000,HOLD
1780364855608,09:47:30,46.29,46.07,47.18,45.75,45.75,1939600.0,90220000.0,46.29,100,46.28,2400,46.27,2300,46.26,1900,46.25,4600,46.31,600,46.32,400,46.33,3500,46.34,1300,46.35,2000,HOLD
1780364861635,09:47:39,46.27,46.07,47.18,45.75,45.75,1943900.0,90420000.0,46.23,4500,46.22,600,46.21,500,46.2,2200,46.17,400,46.3,500,46.31,600,46.32,400,46.33,3500,46.34,1300,HOLD
1780364864646,09:47:42,46.27,46.07,47.18,45.75,45.75,1946000.0,90510000.0,46.23,3400,46.22,600,46.21,500,46.2,2200,46.17,400,46.27,400,46.28,400,46.29,400,46.3,300,46.31,1200,HOLD
1780364867657,09:47:45,46.27,46.07,47.18,45.75,45.75,1946200.0,90520000.0,46.24,100,46.23,3400,46.22,600,46.21,500,46.2,3000,46.27,700,46.28,500,46.29,400,46.3,300,46.31,1000,HOLD
1780364874094,09:47:48,46.23,46.07,47.18,45.75,45.75,1946500.0,90540000.0,46.23,3300,46.22,600,46.21,700,46.2,3000,46.17,400,46.24,200,46.27,500,46.28,100,46.29,400,46.3,300,HOLD
1780364876695,09:47:54,46.23,46.07,47.18,45.75,45.75,1948100.0,90610000.0,46.23,3100,46.22,600,46.21,700,46.2,3100,46.17,400,46.25,200,46.27,600,46.28,100,46.29,400,46.3,1300,HOLD
1780364879696,09:47:57,46.17,46.07,47.18,45.75,45.75,1955700.0,90960000.0,46.17,300,46.16,700,46.15,100,46.12,17000,46.11,20600,46.23,300,46.24,3000,46.25,200,46.27,600,46.28,300,HOLD
1780364882699,09:48:00,46.17,46.07,47.18,45.75,45.75,1956000.0,90980000.0,46.17,300,46.16,700,46.15,100,46.12,17000,46.11,20300,46.21,200,46.23,600,46.24,400,46.25,700,46.27,600,HOLD
1780364888729,09:48:06,46.16,46.07,47.18,45.75,45.75,1957500.0,91040000.0,46.16,500,46.15,100,46.12,17000,46.11,20400,46.1,2800,46.17,5000,46.19,1200,46.2,100,46.21,700,46.23,1100,HOLD
1780364895176,09:48:12,46.16,46.07,47.18,45.75,45.75,1959000.0,91110000.0,46.12,17400,46.11,20400,46.1,2900,46.09,500,46.08,800,46.16,1800,46.17,6300,46.19,900,46.2,500,46.21,700,HOLD
1780364900777,09:48:18,46.22,46.07,47.18,45.75,45.75,2012500.0,93580000.0,46.15,200,46.11,1400,46.1,4900,46.09,500,46.08,800,46.23,600,46.24,600,46.25,700,46.27,500,46.28,300,HOLD
1780364906802,09:48:21,46.16,46.07,47.18,45.75,45.75,2012700.0,93590000.0,46.17,900,46.16,600,46.15,1500,46.13,100,46.11,700,46.22,400,46.23,600,46.24,700,46.25,700,46.27,500,HOLD
1780364909806,09:48:24,46.17,46.07,47.18,45.75,45.75,2013900.0,93650000.0,46.17,800,46.16,600,46.15,1700,46.11,700,46.1,4900,46.2,100,46.22,600,46.23,600,46.24,700,46.25,700,HOLD
1780364912820,09:48:30,46.2,46.07,47.18,45.75,45.75,2015400.0,93720000.0,46.18,600,46.17,1500,46.16,1300,46.15,700,46.12,200,46.2,400,46.21,2700,46.22,400,46.23,600,46.24,700,HOLD
1780364918841,09:48:33,46.15,46.07,47.18,45.75,45.75,2020100.0,93930000.0,46.12,300,46.11,700,46.1,4900,46.09,500,46.08,900,46.16,1400,46.17,500,46.18,3700,46.2,300,46.21,100,HOLD
1780364923333,09:48:39,46.18,46.07,47.18,45.75,45.75,2024000.0,94110000.0,46.15,700,46.14,400,46.12,500,46.11,700,46.1,4900,46.16,1100,46.17,400,46.18,1600,46.2,800,46.21,100,HOLD
1780364924834,09:48:42,46.15,46.07,47.18,45.75,45.75,2024900.0,94160000.0,46.15,1400,46.14,400,46.13,200,46.12,700,46.11,700,46.16,200,46.17,500,46.18,1600,46.2,800,46.21,100,HOLD
1780364927843,09:48:45,46.17,46.07,47.18,45.75,45.75,2027700.0,94280000.0,46.16,100,46.15,300,46.13,500,46.12,700,46.11,700,46.18,1300,46.2,2400,46.21,100,46.23,600,46.24,700,HOLD
1780364933866,09:48:51,46.15,46.07,47.18,45.75,45.75,2030600.0,94420000.0,46.12,700,46.11,700,46.1,4900,46.09,500,46.08,900,46.16,500,46.18,500,46.2,2900,46.21,100,46.23,600,HOLD
1780364936871,09:48:54,46.15,46.07,47.18,45.75,45.75,2030700.0,94420000.0,46.12,500,46.11,700,46.1,4900,46.09,500,46.08,900,46.16,600,46.18,500,46.2,2900,46.21,100,46.23,600,HOLD
1780364939871,09:48:57,46.1,46.07,47.18,45.75,45.75,2038100.0,94760000.0,46.09,500,46.08,900,46.06,3600,46.05,1600,46.01,800,46.1,2700,46.11,100,46.12,1000,46.13,2500,46.15,400,HOLD
1780364942893,09:49:00,46.01,46.07,47.18,45.75,45.75,2045500.0,95100000.0,46.0,31000,45.98,300,45.96,100,45.95,200,45.91,100,46.04,700,46.05,3200,46.06,600,46.08,100,46.09,1600,HOLD
1780364945895,09:49:03,45.96,46.07,47.18,45.75,45.75,2077400.0,96570000.0,45.91,100,45.9,1400,45.88,400,45.85,1300,45.83,900,45.96,100,45.97,900,45.98,100,46.02,3500,46.04,500,HOLD
1780364948896,09:49:06,45.9,46.07,47.18,45.75,45.75,2077600.0,96580000.0,45.9,1300,45.88,400,45.85,1300,45.83,900,45.82,100,45.91,200,45.93,700,45.94,300,45.96,400,45.97,300,HOLD
1780364954895,09:49:12,45.9,46.07,47.18,45.75,45.75,2079800.0,96680000.0,45.9,1200,45.88,400,45.85,1300,45.83,900,45.82,100,45.91,300,45.92,400,45.93,700,45.94,200,45.96,400,HOLD
1780364960910,09:49:15,45.9,46.07,47.18,45.75,45.75,2082200.0,96790000.0,45.88,400,45.85,1300,45.83,500,45.82,100,45.8,2500,45.9,3700,45.91,2400,45.92,400,45.93,200,45.94,200,HOLD
1780364963911,09:49:18,45.88,46.07,47.18,45.75,45.75,2084500.0,96900000.0,45.85,1300,45.83,500,45.82,100,45.8,2500,45.78,300,45.87,500,45.88,500,45.89,100,45.9,4200,45.91,2900,HOLD
1780364966914,09:49:24,45.79,46.07,47.18,45.75,45.75,2089900.0,97150000.0,45.77,1000,45.76,200,45.75,1200,45.74,500,45.7,600,45.84,200,45.85,7000,45.86,100,45.87,2000,45.88,1000,HOLD
1780364970295,09:49:27,45.82,46.07,47.18,45.75,45.75,2094300.0,97350000.0,45.77,1200,45.76,200,45.75,1200,45.74,500,45.7,600,45.81,100,45.82,300,45.83,800,45.84,200,45.85,9300,HOLD
1780364973129,09:49:30,45.78,46.07,47.18,45.75,45.75,2094500.0,97360000.0,45.8,500,45.78,500,45.77,1300,45.76,200,45.75,1200,45.81,100,45.82,400,45.83,800,45.84,200,45.85,1000,HOLD
1780364978940,09:49:36,45.81,46.07,47.18,45.75,45.75,2097700.0,97500000.0,45.81,100,45.79,2700,45.78,2100,45.77,1300,45.76,200,45.83,800,45.84,300,45.86,100,45.87,1800,45.88,600,HOLD
1780364985157,09:49:39,45.8,46.07,47.18,45.75,45.75,2099400.0,97580000.0,45.79,2700,45.78,2100,45.77,1300,45.76,200,45.75,1600,45.8,1400,45.81,2800,45.82,300,45.83,200,45.84,300,HOLD
1780364987948,09:49:45,45.88,46.07,47.18,45.75,45.75,2118300.0,98450000.0,45.88,2400,45.87,2700,45.85,1800,45.84,200,45.83,500,45.91,2100,45.94,200,45.96,200,46.02,400,46.04,100,HOLD
1780364994569,09:49:51,45.87,46.07,47.18,45.75,45.75,2119900.0,98520000.0,45.87,1900,45.85,1800,45.84,200,45.83,200,45.82,900,45.88,1900,45.91,1500,45.94,300,45.96,200,46.02,400,HOLD
1780364996958,09:49:54,45.88,46.07,47.18,45.75,45.75,2161200.0,100410000.0,45.8,1200,45.79,16500,45.78,3200,45.77,1200,45.76,200,45.88,800,45.91,1700,45.94,400,45.96,200,46.02,400,HOLD
1780365002973,09:50:00,45.82,46.07,47.18,45.75,45.75,2163300.0,100510000.0,45.82,1100,45.81,200,45.8,2300,45.79,11400,45.78,3200,45.88,6000,45.9,500,45.91,1800,45.94,400,45.96,200,HOLD
1780365005977,09:50:03,45.82,46.07,47.18,45.75,45.75,2165100.0,100590000.0,45.81,200,45.8,3800,45.79,400,45.78,3200,45.77,1000,45.82,1200,45.87,600,45.88,6400,45.9,500,45.91,1800,HOLD
1780365008990,09:50:06,45.82,46.07,47.18,45.75,45.75,2165500.0,100610000.0,45.81,700,45.8,3700,45.78,3200,45.77,1000,45.76,200,45.82,1200,45.87,800,45.88,5700,45.9,500,45.91,1800,HOLD
1780365015013,09:50:12,45.81,46.07,47.18,45.75,45.75,2174000.0,101000000.0,45.85,100,45.83,400,45.8,3800,45.79,500,45.78,2200,45.86,1100,45.87,100,45.88,7100,45.9,500,45.91,1800,HOLD
1780365021025,09:50:15,45.81,46.07,47.18,45.75,45.75,2175000.0,101040000.0,45.85,2000,45.81,1200,45.8,3800,45.79,500,45.78,2000,45.86,1300,45.87,400,45.88,7100,45.9,500,45.91,1800,HOLD
1780365024037,09:50:18,45.88,46.07,47.18,45.75,45.75,2185500.0,101530000.0,45.88,800,45.85,700,45.84,100,45.81,1400,45.8,3800,45.9,500,45.91,1800,45.94,400,45.96,200,45.99,500,HOLD
1780365027040,09:50:24,45.8,46.07,47.18,45.75,45.75,2195100.0,101970000.0,45.78,2500,45.77,1000,45.76,300,45.75,1800,45.74,500,45.79,100,45.8,400,45.81,300,45.84,3300,45.85,1200,HOLD
1780365030054,09:50:27,45.78,46.07,47.18,45.75,45.75,2198600.0,102130000.0,45.78,700,45.77,1000,45.76,300,45.75,1800,45.74,500,45.79,100,45.83,100,45.84,4000,45.85,1200,45.86,300,HOLD
1780365036080,09:50:30,45.77,46.07,47.18,45.75,45.75,2200300.0,102200000.0,45.77,200,45.76,300,45.75,1800,45.74,500,45.73,600,45.78,100,45.8,500,45.83,100,45.84,4000,45.85,1200,HOLD
1780365039098,09:50:36,45.77,46.07,47.18,45.75,45.75,2204400.0,102390000.0,45.74,500,45.73,600,45.7,900,45.68,20000,45.65,100,45.77,1200,45.78,1100,45.8,800,45.83,100,45.84,4000,HOLD
1780365042102,09:50:39,45.75,46.07,47.18,45.74,45.75,2206200.0,102470000.0,45.75,500,45.73,600,45.7,900,45.68,20000,45.65,100,45.76,100,45.77,1000,45.78,1300,45.8,700,45.83,100,HOLD
1780365045102,09:50:42,45.75,46.07,47.18,45.73,45.75,2207500.0,102530000.0,45.74,800,45.73,200,45.71,100,45.7,900,45.68,20000,45.75,200,45.76,600,45.77,1000,45.78,1300,45.8,700,HOLD
1780365051115,09:50:45,45.74,46.07,47.18,45.73,45.75,2209800.0,102640000.0,45.74,700,45.73,200,45.71,100,45.7,900,45.68,20000,45.75,300,45.76,300,45.77,800,45.78,400,45.8,700,HOLD
1780365054136,09:50:51,45.75,46.07,47.18,45.72,45.75,2215600.0,102900000.0,45.75,36200,45.71,400,45.7,900,45.68,20000,45.65,100,45.76,700,45.77,1000,45.78,400,45.8,300,45.83,100,HOLD
1780365060146,09:50:57,45.76,46.07,47.18,45.72,45.75,2230600.0,103590000.0,45.76,1100,45.75,28100,45.71,800,45.7,1900,45.65,100,45.8,300,45.83,100,45.84,3300,45.85,500,45.86,300,HOLD
1780365063167,09:51:00,45.76,46.07,47.18,45.72,45.75,2232300.0,103670000.0,45.75,29600,45.71,800,45.7,1900,45.65,100,45.6,1600,45.76,3500,45.79,1400,45.8,500,45.83,200,45.84,3400,HOLD
1780365066190,09:51:03,45.76,46.07,47.18,45.72,45.75,2234200.0,103750000.0,45.75,28600,45.73,500,45.71,800,45.7,2100,45.65,100,45.76,2800,45.79,1400,45.8,500,45.83,200,45.84,3400,HOLD
1780365069195,09:51:06,45.76,46.07,47.18,45.72,45.75,2236500.0,103860000.0,45.75,28600,45.73,500,45.71,800,45.7,2100,45.65,100,45.76,1400,45.79,1700,45.8,400,45.83,400,45.84,3400,HOLD
1780365075226,09:51:12,45.78,46.07,47.18,45.72,45.75,2244100.0,104210000.0,45.76,800,45.75,24900,45.74,400,45.73,600,45.72,200,45.78,100,45.79,1700,45.8,400,45.83,400,45.84,3400,HOLD
1780365078240,09:51:15,45.79,46.07,47.18,45.72,45.75,2253500.0,104640000.0,45.77,100,45.75,23200,45.74,600,45.73,600,45.72,200,45.79,1300,45.8,400,45.81,300,45.83,400,45.84,3400,HOLD
1780365081259,09:51:18,45.75,46.07,47.18,45.72,45.75,2256900.0,104790000.0,45.75,22200,45.74,600,45.73,600,45.72,200,45.71,800,45.77,400,45.78,300,45.79,1400,45.8,400,45.81,300,HOLD
1780365084254,09:51:21,45.76,46.07,47.18,45.72,45.75,2257100.0,104800000.0,45.76,2500,45.75,22700,45.74,600,45.73,600,45.72,200,45.77,1200,45.78,400,45.79,1400,45.8,400,45.81,300,HOLD
1780365087262,09:51:24,45.76,46.07,47.18,45.72,45.75,2257400.0,104820000.0,45.76,2300,45.75,24400,45.74,600,45.73,600,45.72,400,45.77,1200,45.78,500,45.79,1400,45.8,400,45.81,300,HOLD
1780365090269,09:51:27,45.76,46.07,47.18,45.72,45.75,2259800.0,104930000.0,45.75,25100,45.74,600,45.73,600,45.72,400,45.71,500,45.76,300,45.77,1200,45.78,500,45.79,1400,45.8,400,HOLD
1780365093258,09:51:30,45.76,46.07,47.18,45.72,45.75,2262100.0,105030000.0,45.76,1100,45.75,24300,45.74,600,45.73,600,45.72,400,45.77,1200,45.78,500,45.79,1400,45.8,400,45.81,300,HOLD
1780365099294,09:51:36,45.69,46.07,47.18,45.69,45.75,2293400.0,106460000.0,45.65,300,45.6,1600,45.58,300,45.55,1300,45.51,300,45.7,500,45.71,500,45.72,1000,45.73,1300,45.74,1100,HOLD
1780365102306,09:51:39,45.68,46.07,47.18,45.68,45.75,2294200.0,106500000.0,45.65,400,45.6,1600,45.58,300,45.55,1300,45.51,300,45.68,100,45.7,600,45.71,500,45.72,500,45.73,1300,HOLD
1780365105309,09:51:42,45.65,46.07,47.18,45.65,45.75,2296300.0,106600000.0,45.63,700,45.6,1700,45.58,300,45.55,1300,45.51,300,45.65,100,45.68,600,45.7,600,45.71,500,45.72,500,HOLD
1780365108313,09:51:45,45.65,46.07,47.18,45.65,45.75,2297000.0,106630000.0,45.64,100,45.63,700,45.6,1700,45.58,300,45.55,1300,45.65,100,45.68,300,45.7,600,45.71,500,45.72,500,HOLD
1780365111317,09:51:48,45.65,46.07,47.18,45.64,45.75,2297500.0,106650000.0,45.64,1500,45.63,700,45.6,1700,45.58,300,45.55,1400,45.65,500,45.69,200,45.7,600,45.71,500,45.72,500,HOLD
1780365114319,09:51:51,45.65,46.07,47.18,45.64,45.75,2298500.0,106700000.0,45.65,300,45.64,2300,45.63,700,45.6,1700,45.58,400,45.68,200,45.69,200,45.7,600,45.71,500,45.72,500,HOLD
1780365117331,09:51:54,45.63,46.07,47.18,45.63,45.75,2301200.0,106820000.0,45.63,600,45.6,1900,45.58,400,45.55,1400,45.51,300,45.64,1700,45.65,100,45.67,100,45.68,500,45.69,200,HOLD
1780365123349,09:52:00,45.6,46.07,47.18,45.6,45.75,2303900.0,106940000.0,45.58,400,45.55,1400,45.51,1300,45.5,6700,45.48,100,45.6,3100,45.63,4000,45.64,4300,45.65,100,45.67,100,HOLD
1780365129378,09:52:03,45.56,46.07,47.18,45.56,45.75,2304700.0,106980000.0,45.56,800,45.55,1400,45.51,1300,45.5,6700,45.48,100,45.59,500,45.6,6500,45.63,3600,45.64,2700,45.65,100,HOLD
1780365132380,09:52:09,45.59,46.07,47.18,45.56,45.75,2307600.0,107110000.0,45.59,400,45.58,400,45.57,900,45.56,1500,45.55,1400,45.6,4900,45.63,2400,45.64,2500,45.65,1400,45.67,100,HOLD
1780365135388,09:52:12,45.59,46.07,47.18,45.56,45.75,2308200.0,107140000.0,45.58,400,45.57,900,45.56,2100,45.55,1400,45.51,1300,45.59,300,45.6,5800,45.63,2400,45.64,700,45.65,1400,HOLD
1780365138404,09:52:15,45.58,46.07,47.18,45.35,45.75,2340700.0,108620000.0,45.58,100,45.56,600,45.51,1400,45.5,200,45.45,600,45.59,3500,45.6,5600,45.63,2100,45.64,700,45.65,1400,HOLD
1780365141404,09:52:18,45.51,46.07,47.18,45.35,45.75,2342100.0,108680000.0,45.51,1300,45.5,200,45.41,300,45.36,300,45.35,13700,45.56,3400,45.58,1200,45.59,3200,45.6,7100,45.63,2100,HOLD
1780365144608,09:52:21,45.5,46.07,47.18,45.35,45.75,2345500.0,108830000.0,45.5,200,45.36,300,45.35,13700,45.31,500,45.3,1200,45.51,1300,45.55,2600,45.56,2600,45.58,1200,45.59,3200,HOLD
1780365147412,09:52:24,45.49,46.07,47.18,45.35,45.75,2346300.0,108870000.0,45.48,500,45.45,400,45.39,300,45.38,600,45.36,300,45.5,500,45.51,6700,45.55,2600,45.56,2600,45.58,1200,HOLD
1780365150823,09:52:27,45.48,46.07,47.18,45.35,45.75,2346900.0,108900000.0,45.48,200,45.45,400,45.39,300,45.38,600,45.36,300,45.5,1900,45.51,6700,45.55,2600,45.56,2600,45.58,1200,HOLD
1780365153441,09:52:30,45.48,46.07,47.18,45.35,45.75,2347300.0,108920000.0,45.46,200,45.45,400,45.39,300,45.38,600,45.36,300,45.48,100,45.5,4600,45.51,3100,45.55,2600,45.56,2400,HOLD
1780365156450,09:52:33,45.48,46.07,47.18,45.35,45.75,2348900.0,108990000.0,45.46,200,45.45,400,45.39,300,45.36,300,45.35,1000,45.48,14700,45.5,4000,45.51,900,45.55,2600,45.56,2400,HOLD
1780365159469,09:52:36,45.47,46.07,47.18,45.35,45.75,2352500.0,109150000.0,45.46,300,45.43,200,45.36,400,45.35,900,45.31,300,45.47,14900,45.48,14500,45.5,4000,45.51,900,45.55,2600,HOLD
1780365162475,09:52:39,45.46,46.07,47.18,45.35,45.75,2353100.0,109180000.0,45.44,100,45.43,200,45.38,300,45.36,300,45.35,1000,45.46,5000,45.47,4200,45.48,13800,45.5,4000,45.51,900,HOLD
1780365165487,09:52:42,45.45,46.07,47.18,45.35,45.75,2353400.0,109190000.0,45.44,300,45.43,200,45.38,300,45.36,300,45.35,4000,45.45,300,45.46,5600,45.47,4300,45.48,13800,45.5,4200,HOLD
1780365168496,09:52:45,45.44,46.07,47.18,45.35,45.75,2354200.0,109230000.0,45.44,100,45.43,200,45.38,600,45.36,300,45.35,4000,45.45,700,45.46,4200,45.47,4400,45.48,13800,45.5,4200,HOLD
1780365171500,09:52:48,45.44,46.07,47.18,45.35,45.75,2355200.0,109280000.0,45.38,600,45.36,300,45.35,4000,45.31,300,45.3,1200,45.44,500,45.45,1800,45.46,4200,45.47,4400,45.48,13800,HOLD
1780365174504,09:52:51,45.43,46.07,47.18,45.35,45.75,2355500.0,109290000.0,45.38,600,45.36,300,45.35,4000,45.31,300,45.3,1200,45.41,8900,45.44,8100,45.45,1800,45.46,3500,45.47,4100,HOLD
1780365177813,09:52:54,45.38,46.07,47.18,45.35,45.75,2356000.0,109310000.0,45.38,200,45.36,300,45.35,4000,45.3,1200,45.17,300,45.4,100,45.41,9400,45.44,10300,45.45,2200,45.46,3200,HOLD
1780365183531,09:53:00,45.36,46.07,47.18,45.35,45.75,2356800.0,109350000.0,45.35,4000,45.3,1200,45.17,700,45.16,100,45.13,100,45.36,400,45.38,2600,45.39,1200,45.4,500,45.41,9500,HOLD
1780365186533,09:53:03,45.35,46.07,47.18,45.35,45.75,2358100.0,109410000.0,45.35,3000,45.32,200,45.3,1700,45.17,700,45.16,100,45.36,300,45.38,3000,45.39,1500,45.4,500,45.41,600,HOLD
1780365192555,09:53:09,45.3,46.07,47.18,45.3,45.75,2363400.0,109650000.0,45.3,1100,45.17,300,45.16,500,45.13,100,45.1,200,45.32,100,45.34,2200,45.35,4700,45.36,7100,45.38,2000,HOLD
1780365195565,09:53:12,45.3,46.07,47.18,45.3,45.75,2367500.0,109830000.0,45.3,100,45.17,300,45.16,500,45.13,100,45.1,200,45.32,300,45.34,2200,45.35,2200,45.36,3500,45.38,1700,HOLD
1780365198567,09:53:15,45.34,46.07,47.18,45.28,45.75,2376900.0,110260000.0,45.32,200,45.31,200,45.3,2300,45.28,400,45.22,600,45.34,2200,45.35,1000,45.36,500,45.38,1500,45.39,600,HOLD
1780365201596,09:53:18,45.3,46.07,47.18,45.28,45.75,2380800.0,110440000.0,45.26,200,45.23,100,45.22,200,45.18,1400,45.17,400,45.3,500,45.33,100,45.34,2100,45.35,1000,45.36,500,HOLD
1780365204583,09:53:21,45.33,46.07,47.18,45.28,45.75,2382800.0,110530000.0,45.32,100,45.3,100,45.26,800,45.22,200,45.18,1400,45.34,1700,45.35,1000,45.38,1100,45.39,600,45.4,100,HOLD
1780365210606,09:53:27,45.26,46.07,47.18,45.26,45.75,2386000.0,110670000.0,45.27,500,45.26,1300,45.18,700,45.17,400,45.16,500,45.3,200,45.32,2200,45.34,1800,45.35,600,45.38,1100,HOLD
1780365213608,09:53:30,45.29,46.07,47.18,45.26,45.75,2386400.0,110690000.0,45.29,1900,45.27,300,45.26,1400,45.25,200,45.18,700,45.3,100,45.32,4400,45.33,300,45.34,1800,45.35,600,HOLD
1780365216610,09:53:33,45.3,46.07,47.18,45.26,45.75,2390400.0,110870000.0,45.3,400,45.26,1400,45.19,1000,45.18,700,45.17,400,45.32,3700,45.33,300,45.34,1800,45.35,600,45.38,1100,HOLD
1780365219608,09:53:36,45.3,46.07,47.18,45.26,45.75,2391100.0,110900000.0,45.26,800,45.2,100,45.19,1000,45.18,700,45.17,400,45.3,200,45.32,3800,45.34,1800,45.35,500,45.38,1100,HOLD
1780365224224,09:53:39,45.34,46.07,47.18,45.26,45.75,2399700.0,111290000.0,45.34,1500,45.32,100,45.31,500,45.3,1600,45.26,300,45.38,500,45.39,600,45.4,100,45.41,200,45.44,3000,HOLD
1780365225721,09:53:42,45.34,46.07,47.18,45.26,45.75,2401400.0,111370000.0,45.38,100,45.34,2500,45.32,100,45.31,500,45.3,1900,45.4,100,45.41,200,45.44,3000,45.45,1500,45.46,200,HOLD
1780365228716,09:53:45,45.34,46.07,47.18,45.26,45.75,2403600.0,111470000.0,45.34,1100,45.32,100,45.31,400,45.3,2800,45.29,500,45.44,3000,45.45,1500,45.46,400,45.47,600,45.48,15900,HOLD
1780365231720,09:53:48,45.44,46.07,47.18,45.26,45.75,2406100.0,111580000.0,45.38,100,45.35,1300,45.34,3300,45.33,300,45.32,100,45.44,2600,45.45,1500,45.46,400,45.47,600,45.48,15900,HOLD
1780365234725,09:53:51,45.44,46.07,47.18,45.26,45.75,2406200.0,111590000.0,45.39,100,45.38,2200,45.36,100,45.35,1300,45.34,1200,45.44,2500,45.45,1600,45.46,400,45.47,600,45.48,15900,HOLD
1780365237740,09:53:54,45.44,46.07,47.18,45.26,45.75,2407500.0,111650000.0,45.38,1900,45.36,100,45.35,1300,45.34,1200,45.33,300,45.44,1600,45.45,600,45.46,400,45.47,600,45.48,15900,HOLD
1780365240742,09:53:57,45.38,46.07,47.18,45.26,45.75,2408400.0,111690000.0,45.39,200,45.38,2000,45.36,400,45.35,1300,45.34,1200,45.44,1000,45.45,600,45.46,400,45.47,600,45.48,15900,HOLD
1780365243741,09:54:00,45.44,46.07,47.18,45.26,45.75,2410600.0,111790000.0,45.44,700,45.39,200,45.38,1800,45.36,400,45.35,1300,45.47,200,45.48,15900,45.5,300,45.51,700,45.55,1200,HOLD
1780365247876,09:54:03,45.43,46.07,47.18,45.26,45.75,2411600.0,111830000.0,45.42,4400,45.41,200,45.4,100,45.39,200,45.38,1800,45.46,300,45.47,200,45.48,15900,45.5,300,45.51,700,HOLD
1780365249754,09:54:06,45.44,46.07,47.18,45.26,45.75,2412400.0,111870000.0,45.44,500,45.42,4400,45.41,200,45.4,100,45.39,200,45.48,2400,45.5,300,45.51,700,45.55,1200,45.56,100,HOLD
1780365252764,09:54:09,45.48,46.07,47.18,45.26,45.75,2416700.0,112060000.0,45.46,1300,45.44,2700,45.43,2600,45.42,4400,45.41,200,45.48,1500,45.49,200,45.5,300,45.51,700,45.55,1200,HOLD
1780365255778,09:54:12,45.48,46.07,47.18,45.26,45.75,2416700.0,112060000.0,45.47,200,45.46,6300,45.44,2200,45.43,2600,45.42,4400,45.48,1500,45.49,300,45.5,300,45.51,700,45.55,1200,HOLD
1780365258787,09:54:15,45.48,46.07,47.18,45.26,45.75,2424000.0,112400000.0,45.47,100,45.46,500,45.44,1800,45.43,2600,45.42,4400,45.48,400,45.49,300,45.5,600,45.51,700,45.55,1200,HOLD
1780365261805,09:54:18,45.51,46.07,47.18,45.26,45.75,2427400.0,112550000.0,45.53,1200,45.52,400,45.51,800,45.5,19400,45.48,12400,45.55,1200,45.56,100,45.59,600,45.6,200,45.63,100,HOLD
1780365264806,09:54:21,45.48,46.07,47.18,45.26,45.75,2456100.0,113860000.0,45.48,7300,45.47,100,45.46,600,45.44,200,45.43,2600,45.5,200,45.51,100,45.52,500,45.54,200,45.56,300,HOLD
1780365268264,09:54:24,45.51,46.07,47.18,45.26,45.75,2461500.0,114100000.0,45.49,200,45.48,3800,45.47,100,45.46,600,45.44,200,45.51,800,45.52,500,45.54,200,45.56,300,45.59,700,HOLD
1780365273815,09:54:30,45.48,46.07,47.18,45.26,45.75,2472100.0,114580000.0,45.47,100,45.46,600,45.44,200,45.4,5400,45.38,20200,45.48,12500,45.51,4700,45.54,200,45.56,900,45.58,100,HOLD
1780365279846,09:54:36,45.56,46.07,47.18,45.26,45.75,2491900.0,115480000.0,45.56,800,45.54,13200,45.49,500,45.48,400,45.46,600,45.58,100,45.59,700,45.6,200,45.61,100,45.63,100,HOLD
1780365282848,09:54:39,45.54,46.07,47.18,45.26,45.75,2497200.0,115730000.0,45.54,8900,45.53,500,45.49,700,45.48,600,45.46,500,45.58,100,45.59,800,45.6,200,45.61,100,45.63,100,HOLD
1780365285862,09:54:42,45.58,46.07,47.18,45.26,45.75,2497300.0,115730000.0,45.58,100,45.54,8900,45.53,500,45.49,700,45.48,600,45.59,800,45.6,200,45.61,100,45.63,100,45.64,100,HOLD
1780365288875,09:54:45,45.58,46.07,47.18,45.26,45.75,2497300.0,115730000.0,45.58,1500,45.57,100,45.54,9100,45.53,500,45.49,700,45.59,800,45.6,200,45.61,200,45.63,100,45.64,100,HOLD
1780365294884,09:54:51,45.61,46.07,47.18,45.26,45.75,2498500.0,115790000.0,45.62,300,45.59,600,45.58,4300,45.57,100,45.54,9300,45.63,100,45.64,100,45.66,100,45.68,100,45.71,100,HOLD
1780365297897,09:54:54,45.63,46.07,47.18,45.26,45.75,2498600.0,115790000.0,45.63,1400,45.6,400,45.59,1100,45.58,3900,45.57,100,45.64,100,45.66,100,45.68,100,45.71,100,45.72,500,HOLD
1780365300899,09:54:57,45.62,46.07,47.18,45.26,45.75,2502000.0,115950000.0,45.6,8600,45.59,1600,45.58,4100,45.57,100,45.54,9300,45.62,1700,45.64,300,45.66,100,45.68,100,45.71,100,HOLD
1780365303911,09:55:00,45.61,46.07,47.18,45.26,45.75,2504100.0,116040000.0,45.63,300,45.62,900,45.61,300,45.6,8500,45.59,1600,45.64,200,45.66,100,45.68,100,45.71,100,45.72,500,HOLD
1780365309927,09:55:06,45.6,46.07,47.18,45.26,45.75,2533500.0,117380000.0,45.54,9100,45.5,1600,45.49,200,45.48,1400,45.46,500,45.59,100,45.6,100,45.61,100,45.63,1400,45.64,7400,HOLD
1780365312941,09:55:09,45.59,46.07,47.18,45.26,45.75,2534500.0,117430000.0,45.59,1500,45.54,9100,45.5,1600,45.49,200,45.48,2400,45.63,1400,45.64,7400,45.66,200,45.68,200,45.71,100,HOLD
1780365315961,09:55:12,45.55,46.07,47.18,45.26,45.75,2536200.0,117500000.0,45.54,8500,45.5,1600,45.49,200,45.48,2400,45.46,500,45.55,300,45.59,500,45.63,1600,45.64,7400,45.66,200,HOLD
1780365318977,09:55:15,45.55,46.07,47.18,45.26,45.75,2541900.0,117760000.0,45.54,3200,45.5,1800,45.49,200,45.48,2400,45.46,500,45.55,500,45.59,800,45.62,100,45.63,1400,45.64,7300,HOLD
1780365321996,09:55:18,45.55,46.07,47.18,45.26,45.75,2542300.0,117780000.0,45.54,3000,45.5,1800,45.49,200,45.48,2400,45.46,500,45.55,400,45.59,900,45.62,100,45.63,1400,45.64,7300,HOLD
1780365328020,09:55:24,45.53,46.07,47.18,45.26,45.75,2543100.0,117820000.0,45.51,100,45.5,4600,45.49,200,45.48,2300,45.46,500,45.53,2500,45.54,400,45.55,600,45.59,700,45.62,200,HOLD
1780365331015,09:55:27,45.53,46.07,47.18,45.26,45.75,2545300.0,117920000.0,45.5,4600,45.49,200,45.48,2300,45.46,500,45.44,100,45.53,700,45.54,400,45.55,600,45.59,500,45.62,200,HOLD
1780365334022,09:55:30,45.5,46.07,47.18,45.26,45.75,2546500.0,117970000.0,45.5,4200,45.49,200,45.48,2300,45.46,500,45.44,100,45.54,100,45.55,600,45.59,500,45.62,200,45.63,1400,HOLD
1780365337033,09:55:33,45.5,46.07,47.18,45.26,45.75,2547000.0,118000000.0,45.5,3800,45.49,200,45.48,2300,45.46,500,45.44,100,45.51,400,45.54,100,45.55,600,45.59,500,45.62,200,HOLD
1780365340049,09:55:36,45.5,46.07,47.18,45.26,45.75,2551000.0,118180000.0,45.5,1100,45.49,200,45.48,2300,45.46,500,45.44,100,45.51,700,45.54,100,45.55,400,45.59,500,45.62,200,HOLD
1780365343062,09:55:39,45.49,46.07,47.18,45.26,45.75,2552200.0,118230000.0,45.49,100,45.48,2300,45.46,500,45.44,100,45.4,900,45.5,3400,45.51,700,45.54,700,45.55,400,45.59,400,HOLD
1780365346096,09:55:42,45.49,46.07,47.18,45.26,45.75,2552300.0,118240000.0,45.48,2300,45.46,500,45.44,100,45.43,100,45.4,900,45.49,800,45.5,4100,45.51,700,45.54,700,45.55,400,HOLD
1780365349096,09:55:45,45.48,46.07,47.18,45.26,45.75,2554500.0,118340000.0,45.48,200,45.46,500,45.44,100,45.43,100,45.4,900,45.49,1300,45.5,2900,45.51,700,45.54,700,45.55,300,HOLD
1780365352113,09:55:48,45.48,46.07,47.18,45.26,45.75,2556000.0,118410000.0,45.44,100,45.43,100,45.4,900,45.38,20200,45.36,300,45.48,2700,45.49,900,45.5,1900,45.51,700,45.54,700,HOLD
1780365355130,09:55:51,45.43,46.07,47.18,45.26,45.75,2556200.0,118420000.0,45.4,900,45.38,20200,45.36,300,45.35,100,45.32,700,45.44,1100,45.48,2700,45.49,1400,45.5,1900,45.51,700,HOLD
1780365358131,09:55:54,45.4,46.07,47.18,45.26,45.75,2556700.0,118440000.0,45.4,400,45.38,20200,45.36,300,45.35,100,45.32,700,45.44,2500,45.48,1400,45.49,1800,45.5,2300,45.51,200,HOLD
1780365361144,09:55:57,45.4,46.07,47.18,45.26,45.75,2558200.0,118510000.0,45.41,900,45.4,4600,45.38,20200,45.36,300,45.35,100,45.43,100,45.44,1500,45.48,600,45.49,1600,45.5,2300,HOLD
1780365364151,09:56:00,45.4,46.07,47.18,45.26,45.75,2559500.0,118570000.0,45.4,4600,45.38,20200,45.36,300,45.35,100,45.32,700,45.43,300,45.44,1500,45.48,500,45.49,1400,45.5,2300,HOLD
1780365367154,09:56:03,45.41,46.07,47.18,45.26,45.75,2559700.0,118570000.0,45.41,1300,45.4,4700,45.38,20200,45.36,300,45.35,100,45.43,200,45.44,1500,45.48,500,45.49,1400,45.5,2800,HOLD
1780365370163,09:56:06,45.41,46.07,47.18,45.26,45.75,2560500.0,118610000.0,45.41,500,45.4,4700,45.38,20200,45.36,300,45.35,100,45.43,600,45.44,1500,45.48,500,45.49,1400,45.5,2800,HOLD
1780365373171,09:56:09,45.4,46.07,47.18,45.26,45.75,2561600.0,118660000.0,45.41,1200,45.4,4100,45.38,20700,45.36,300,45.35,100,45.43,800,45.44,1400,45.48,600,45.49,1400,45.5,2800,HOLD
1780365376194,09:56:12,45.48,46.07,47.18,45.26,45.75,2563600.0,118750000.0,45.41,1200,45.4,5100,45.38,20700,45.36,300,45.35,100,45.48,100,45.49,1400,45.5,2800,45.54,600,45.55,300,HOLD
1780365379199,09:56:15,45.43,46.07,47.18,45.26,45.75,2565500.0,118840000.0,45.43,900,45.42,100,45.41,500,45.4,7900,45.39,100,45.48,100,45.49,700,45.5,2800,45.54,600,45.55,300,HOLD
1780365382201,09:56:18,45.48,46.07,47.18,45.26,45.75,2565600.0,118840000.0,45.43,1100,45.42,100,45.41,500,45.4,7900,45.39,100,45.48,1000,45.49,700,45.5,3900,45.54,600,45.55,300,HOLD
1780365385243,09:56:21,45.43,46.07,47.18,45.26,45.75,2567500.0,118930000.0,45.43,1000,45.42,100,45.41,500,45.4,8400,45.39,100,45.44,100,45.45,300,45.46,300,45.48,3200,45.49,700,HOLD
1780365388220,09:56:24,45.46,46.07,47.18,45.26,45.75,2568600.0,118980000.0,45.43,1800,45.42,100,45.41,500,45.4,8600,45.39,100,45.46,500,45.48,2900,45.49,700,45.5,3900,45.54,600,HOLD
1780365391229,09:56:27,45.48,46.07,47.18,45.26,45.75,2573400.0,119200000.0,45.44,200,45.43,900,45.42,100,45.41,500,45.4,11100,45.48,800,45.49,700,45.5,3400,45.54,600,45.55,300,HOLD
1780365397245,09:56:33,45.48,46.07,47.18,45.26,45.75,2575200.0,119280000.0,45.48,1700,45.47,300,45.46,100,45.44,200,45.43,1800,45.49,700,45.5,3400,45.54,600,45.55,300,45.59,400,HOLD
1780365400965,09:56:36,45.48,46.07,47.18,45.26,45.75,2576000.0,119320000.0,45.48,1500,45.47,300,45.46,300,45.45,500,45.44,200,45.49,1100,45.5,2400,45.54,600,45.55,300,45.59,400,HOLD
1780365403261,09:56:39,45.54,46.07,47.18,45.26,45.75,2584500.0,119700000.0,45.54,3300,45.48,200,45.46,200,45.45,900,45.43,1800,45.55,300,45.59,400,45.6,400,45.63,1400,45.64,6900,HOLD
1780365406258,09:56:42,45.54,46.07,47.18,45.26,45.75,2587900.0,119860000.0,45.48,200,45.46,200,45.45,900,45.43,1800,45.42,100,45.54,4400,45.55,300,45.59,400,45.6,500,45.63,1400,HOLD
1780365409278,09:56:45,45.46,46.07,47.18,45.26,45.75,2588900.0,119900000.0,45.45,900,45.43,1800,45.42,100,45.41,600,45.4,13000,45.46,300,45.54,4900,45.55,300,45.59,400,45.6,500,HOLD
1780365412284,09:56:48,45.46,46.07,47.18,45.26,45.75,2590000.0,119950000.0,45.46,500,45.45,700,45.43,900,45.42,100,45.41,600,45.54,5400,45.55,300,45.59,400,45.6,500,45.63,1400,HOLD
1780365415750,09:56:51,45.54,46.07,47.18,45.26,45.75,2591400.0,120020000.0,45.46,200,45.45,700,45.43,800,45.42,100,45.41,600,45.54,5100,45.55,500,45.59,400,45.6,500,45.63,1400,HOLD
1780365418298,09:56:54,45.53,46.07,47.18,45.26,45.75,2592000.0,120040000.0,45.46,300,45.45,700,45.43,800,45.42,100,45.41,600,45.53,200,45.54,5100,45.55,500,45.59,400,45.6,500,HOLD
1780365421306,09:56:57,45.47,46.07,47.18,45.26,45.75,2592200.0,120050000.0,45.46,200,45.45,800,45.43,800,45.42,100,45.41,600,45.52,1000,45.53,500,45.54,2600,45.55,500,45.59,400,HOLD
1780365424318,09:57:00,45.53,46.07,47.18,45.26,45.75,2598200.0,120330000.0,45.53,6600,45.52,100,45.46,200,45.45,3400,45.43,800,45.54,1200,45.55,500,45.59,400,45.6,500,45.63,1500,HOLD
1780365427324,09:57:03,45.54,46.07,47.18,45.26,45.75,2605400.0,120650000.0,45.52,700,45.47,200,45.46,1300,45.45,3100,45.43,1200,45.54,1100,45.55,500,45.59,400,45.6,500,45.63,1500,HOLD
1780365431040,09:57:06,45.47,46.07,47.18,45.26,45.75,2607600.0,120750000.0,45.47,400,45.46,2300,45.45,3100,45.43,1200,45.41,700,45.53,300,45.54,1300,45.55,500,45.59,400,45.6,500,HOLD
1780365433343,09:57:09,45.53,46.07,47.18,45.26,45.75,2607800.0,120760000.0,45.51,900,45.47,300,45.46,2300,45.45,3100,45.43,1200,45.53,1200,45.54,1300,45.55,500,45.59,400,45.6,500,HOLD
1780365436384,09:57:12,45.53,46.07,47.18,45.26,45.75,2608500.0,120790000.0,45.47,1400,45.46,2300,45.45,3100,45.43,1200,45.41,700,45.53,1000,45.54,1300,45.55,500,45.59,400,45.6,500,HOLD
1780365440015,09:57:15,45.6,46.07,47.18,45.26,45.75,2612400.0,120970000.0,45.59,200,45.58,5000,45.57,300,45.56,400,45.55,1500,45.63,1500,45.64,6900,45.66,100,45.68,100,45.7,100,HOLD
1780365442359,09:57:18,45.66,46.07,47.18,45.26,45.75,2627900.0,121680000.0,45.66,100,45.65,100,45.63,13400,45.59,200,45.57,300,45.69,600,45.71,800,45.73,100,45.75,2800,45.76,100,HOLD
1780365445361,09:57:21,45.73,46.07,47.18,45.26,45.75,2629400.0,121750000.0,45.73,1200,45.71,100,45.69,8200,45.66,100,45.65,100,45.75,2800,45.76,100,45.77,100,45.78,100,45.8,6600,HOLD
1780365448365,09:57:24,45.76,46.07,47.18,45.26,45.75,2632800.0,121900000.0,45.76,200,45.75,3700,45.73,1200,45.71,100,45.69,9800,45.77,100,45.8,6600,45.81,200,45.83,200,45.85,100,HOLD
1780365451382,09:57:27,45.76,46.07,47.18,45.26,45.75,2636600.0,122080000.0,45.75,5500,45.69,1500,45.66,300,45.65,100,45.63,200,45.76,4400,45.77,100,45.8,6600,45.81,200,45.83,200,HOLD
1780365454387,09:57:30,45.83,46.07,47.18,45.26,45.75,2653500.0,122850000.0,45.83,4700,45.76,100,45.75,2900,45.69,2500,45.66,300,45.85,100,45.88,100,45.9,300,45.91,200,45.96,100,HOLD
1780365457653,09:57:33,45.85,46.07,47.18,45.26,45.75,2656300.0,122980000.0,45.84,1400,45.83,2100,45.77,700,45.76,200,45.75,4300,45.85,400,45.88,100,45.9,300,45.91,200,45.96,100,HOLD
1780365460406,09:57:36,45.85,46.07,47.18,45.26,45.75,2658200.0,123070000.0,45.83,2100,45.77,600,45.76,1200,45.75,2900,45.69,2600,45.85,100,45.88,100,45.9,500,45.91,200,45.96,100,HOLD
1780365463415,09:57:39,45.85,46.07,47.18,45.26,45.75,2658600.0,123090000.0,45.85,3900,45.83,2100,45.77,600,45.76,1100,45.75,2900,45.88,1400,45.9,500,45.91,200,45.96,100,46.0,200,HOLD
1780365466423,09:57:42,45.96,46.07,47.18,45.26,45.75,2668600.0,123540000.0,45.97,1400,45.96,10000,45.88,200,45.85,5800,45.83,2100,46.0,2800,46.04,100,46.05,100,46.09,300,46.1,300,HOLD
1780365469431,09:57:45,45.96,46.07,47.18,45.26,45.75,2668600.0,123540000.0,45.98,800,45.97,1400,45.96,10000,45.88,800,45.86,1600,46.0,3000,46.04,100,46.05,100,46.09,300,46.1,300,HOLD
1780365472704,09:57:48,45.96,46.07,47.18,45.26,45.75,2679800.0,124060000.0,45.96,2600,45.88,1800,45.86,200,45.85,6100,45.83,2100,45.98,400,46.0,5600,46.04,100,46.05,100,46.09,300,HOLD
1780365475451,09:57:51,45.96,46.07,47.18,45.26,45.75,2684800.0,124290000.0,45.93,500,45.9,1000,45.89,400,45.88,1300,45.85,6000,45.95,500,45.96,200,45.97,100,45.98,100,46.0,4700,HOLD
1780365478452,09:57:54,45.98,46.07,47.18,45.26,45.75,2686200.0,124350000.0,45.98,200,45.94,1300,45.93,400,45.9,1000,45.89,300,46.0,4700,46.04,100,46.05,100,46.09,300,46.1,300,HOLD
1780365481460,09:57:57,45.96,46.07,47.18,45.26,45.75,2686500.0,124370000.0,45.95,1000,45.94,1300,45.93,400,45.9,1000,45.89,300,45.98,100,46.0,4700,46.04,100,46.05,100,46.09,300,HOLD
1780365484476,09:58:00,45.99,46.07,47.18,45.26,45.75,2686800.0,124380000.0,45.98,200,45.96,500,45.95,800,45.94,1300,45.93,400,46.0,4700,46.04,100,46.05,100,46.09,300,46.1,300,HOLD
1780365487477,09:58:03,45.95,46.07,47.18,45.26,45.75,2688300.0,124450000.0,45.95,300,45.94,1300,45.93,400,45.9,1000,45.89,1300,45.96,1000,46.0,5600,46.04,100,46.05,100,46.09,300,HOLD
1780365493484,09:58:09,45.98,46.07,47.18,45.26,45.75,2695100.0,124760000.0,45.98,1000,45.97,300,45.96,200,45.95,500,45.94,1300,46.0,2200,46.04,100,46.05,100,46.09,300,46.1,300,HOLD
1780365496484,09:58:12,46.0,46.07,47.18,45.26,45.75,2696800.0,124840000.0,45.99,1600,45.98,1000,45.97,300,45.96,200,45.95,700,46.0,600,46.04,100,46.05,100,46.09,300,46.1,300,HOLD
1780365499494,09:58:15,46.0,46.07,47.18,45.26,45.75,2699900.0,124980000.0,46.0,2200,45.99,1600,45.98,1000,45.97,300,45.96,200,46.08,1000,46.09,100,46.1,300,46.12,200,46.16,500,HOLD
1780365502765,09:58:18,46.07,46.07,47.18,45.26,45.75,2700200.0,125000000.0,46.0,4300,45.99,1600,45.98,1000,45.97,500,45.96,200,46.08,800,46.09,100,46.1,300,46.12,200,46.16,500,HOLD
1780365505508,09:58:21,46.04,46.07,47.18,45.26,45.75,2701000.0,125030000.0,46.04,500,46.01,100,46.0,4000,45.99,1600,45.98,1000,46.05,100,46.06,100,46.07,100,46.08,600,46.09,100,HOLD
1780365508517,09:58:24,46.03,46.07,47.18,45.26,45.75,2703800.0,125160000.0,46.0,2900,45.99,1600,45.97,500,45.96,200,45.95,700,46.03,100,46.04,300,46.08,100,46.09,100,46.1,300,HOLD
1780365511521,09:58:27,46.05,46.07,47.18,45.26,45.75,2706400.0,125280000.0,46.0,2900,45.99,1600,45.97,500,45.96,200,45.95,1100,46.03,100,46.04,1500,46.08,100,46.09,100,46.1,300,HOLD
1780365515202,09:58:30,46.04,46.07,47.18,45.26,45.75,2712200.0,125550000.0,46.05,11600,45.97,500,45.96,200,45.95,1000,45.94,1300,46.08,100,46.09,100,46.1,500,46.12,200,46.15,400,HOLD
1780365517530,09:58:33,46.03,46.07,47.18,45.26,45.75,2725400.0,126160000.0,46.0,800,45.96,200,45.95,1000,45.94,1300,45.9,1000,46.03,10300,46.04,100,46.06,500,46.07,400,46.08,100,HOLD
1780365520536,09:58:36,46.02,46.07,47.18,45.26,45.75,2726700.0,126220000.0,46.01,800,46.0,1000,45.96,100,45.95,1000,45.94,1300,46.03,10100,46.04,100,46.06,500,46.07,100,46.08,100,HOLD
1780365524329,09:58:39,46.03,46.07,47.18,45.26,45.75,2726900.0,126230000.0,46.01,800,46.0,1000,45.95,1100,45.94,1300,45.9,1000,46.03,9900,46.04,100,46.06,500,46.07,100,46.08,100,HOLD
1780365526476,09:58:42,46.03,46.07,47.18,45.26,45.75,2728900.0,126320000.0,46.02,100,46.01,900,46.0,1000,45.95,1100,45.94,1300,46.03,10700,46.04,100,46.06,500,46.07,600,46.08,100,HOLD
1780365529479,09:58:45,46.03,46.07,47.18,45.26,45.75,2730600.0,126400000.0,46.01,800,46.0,1000,45.95,1100,45.94,1300,45.9,1000,46.03,9100,46.04,100,46.06,500,46.07,600,46.08,300,HOLD
1780365532486,09:58:48,46.0,46.07,47.18,45.26,45.75,2733600.0,126530000.0,45.95,1100,45.94,1300,45.9,1000,45.89,1300,45.88,1200,46.0,39300,46.03,10100,46.04,100,46.06,500,46.07,600,HOLD
1780365535707,09:58:51,46.0,46.07,47.18,45.26,45.75,2736700.0,126680000.0,45.98,100,45.97,600,45.95,1100,45.94,1300,45.9,1000,46.0,36600,46.03,10100,46.04,100,46.06,500,46.07,600,HOLD
1780365538499,09:58:54,46.0,46.07,47.18,45.26,45.75,2737000.0,126690000.0,45.98,100,45.97,600,45.95,1100,45.94,1300,45.9,1000,46.0,36300,46.03,10200,46.04,100,46.06,600,46.07,600,HOLD
1780365541510,09:58:57,46.05,46.07,47.18,45.26,45.75,2787000.0,128990000.0,46.05,800,46.03,400,46.01,600,46.0,700,45.98,100,46.09,100,46.1,700,46.11,1000,46.12,200,46.15,400,HOLD
1780365544519,09:59:00,46.09,46.07,47.18,45.26,45.75,2788000.0,129040000.0,46.09,200,46.05,900,46.03,200,46.01,300,46.0,800,46.1,700,46.11,1000,46.12,200,46.15,400,46.16,500,HOLD
1780365547524,09:59:03,46.1,46.07,47.18,45.26,45.75,2788300.0,129050000.0,46.09,200,46.05,900,46.03,200,46.01,300,46.0,2800,46.1,400,46.11,1000,46.12,200,46.15,400,46.16,500,HOLD
1780365550528,09:59:06,46.1,46.07,47.18,45.26,45.75,2790900.0,129170000.0,46.1,200,46.09,200,46.05,900,46.03,200,46.01,300,46.15,400,46.16,500,46.2,2200,46.23,200,46.25,200,HOLD
1780365553541,09:59:09,46.07,46.07,47.18,45.26,45.75,2794400.0,129330000.0,46.05,900,46.03,200,46.0,2200,45.98,100,45.97,600,46.09,10000,46.1,100,46.12,3100,46.13,100,46.14,300,HOLD
1780365556557,09:59:12,46.09,46.07,47.18,45.26,45.75,2807800.0,129950000.0,46.03,200,46.0,2200,45.98,100,45.97,600,45.95,1100,46.09,4000,46.1,100,46.13,100,46.14,300,46.15,400,HOLD
1780365559567,09:59:15,46.03,46.07,47.18,45.26,45.75,2808500.0,129980000.0,46.0,2200,45.98,100,45.97,600,45.95,1100,45.94,1300,46.08,1600,46.09,3900,46.1,1500,46.13,100,46.14,300,HOLD
1780365562572,09:59:18,46.0,46.07,47.18,45.26,45.75,2812900.0,130190000.0,45.97,600,45.95,1100,45.94,1300,45.89,1000,45.88,1200,46.02,1600,46.03,3100,46.04,300,46.05,300,46.07,700,HOLD
1780365565576,09:59:21,46.0,46.07,47.18,45.26,45.75,2814300.0,130250000.0,45.97,600,45.95,1100,45.94,1300,45.89,1000,45.88,1200,46.01,1200,46.02,800,46.04,300,46.07,700,46.08,1000,HOLD
1780365568589,09:59:24,46.01,46.07,47.18,45.26,45.75,2815200.0,130290000.0,45.97,500,45.95,1000,45.94,1300,45.89,1000,45.88,200,46.02,800,46.04,300,46.07,700,46.08,1000,46.09,4300,HOLD
1780365571601,09:59:27,45.97,46.07,47.18,45.26,45.75,2815400.0,130300000.0,45.97,300,45.95,1000,45.94,1300,45.89,1000,45.88,200,46.0,200,46.02,800,46.04,300,46.07,1100,46.08,1000,HOLD
1780365574619,09:59:30,45.97,46.07,47.18,45.26,45.75,2815700.0,130310000.0,45.97,100,45.95,1000,45.94,1300,45.89,1000,45.88,200,45.99,700,46.0,100,46.02,800,46.04,300,46.07,400,HOLD
1780365577634,09:59:33,45.97,46.07,47.18,45.26,45.75,2815900.0,130320000.0,45.95,1000,45.94,1300,45.9,100,45.89,1000,45.88,200,45.97,1700,45.99,700,46.0,100,46.02,200,46.04,300,HOLD
1780365580638,09:59:36,45.97,46.07,47.18,45.26,45.75,2819200.0,130470000.0,45.88,200,45.85,1700,45.82,100,45.78,600,45.77,500,45.95,1800,45.96,2200,45.97,2600,45.99,700,46.0,100,HOLD
1780365583641,09:59:39,45.97,46.07,47.18,45.26,45.75,2819200.0,130470000.0,45.88,200,45.85,1700,45.84,100,45.82,100,45.78,600,45.89,100,45.95,1800,45.97,1900,45.99,700,46.0,100,HOLD
1780365586659,09:59:42,45.95,46.07,47.18,45.26,45.75,2820700.0,130540000.0,45.85,1700,45.84,100,45.82,100,45.78,600,45.77,500,45.88,1600,45.89,100,45.94,400,45.95,300,45.97,2400,HOLD
1780365589661,09:59:45,45.88,46.07,47.18,45.26,45.75,2821200.0,130570000.0,45.86,200,45.85,1300,45.84,100,45.82,100,45.78,600,45.88,1700,45.89,100,45.94,300,45.95,300,45.97,2800,HOLD
1780365592674,09:59:48,45.96,46.07,47.18,45.26,45.75,2831500.0,131040000.0,45.86,100,45.85,1300,45.84,100,45.82,100,45.78,600,45.95,200,45.97,2300,46.0,400,46.02,100,46.04,300,HOLD
1780365595675,09:59:51,45.85,46.07,47.18,45.26,45.75,2833800.0,131150000.0,45.87,100,45.86,100,45.85,300,45.84,100,45.82,100,45.94,1700,45.95,200,45.97,2300,46.0,400,46.02,100,HOLD
1780365598683,09:59:54,45.87,46.07,47.18,45.26,45.75,2834900.0,131200000.0,45.87,100,45.86,100,45.85,300,45.84,100,45.82,100,45.89,400,45.9,300,45.91,100,45.94,100,45.95,400,HOLD
1780365602089,09:59:57,45.87,46.07,47.18,45.26,45.75,2834900.0,131200000.0,45.87,100,45.86,100,45.85,300,45.84,100,45.82,100,45.88,2300,45.89,400,45.9,300,45.91,100,45.94,100,HOLD
1780365604699,10:00:00,45.88,46.07,47.18,45.26,45.75,2836700.0,131280000.0,45.87,200,45.85,300,45.84,100,45.82,100,45.78,600,45.88,1800,45.89,400,45.91,100,45.94,100,45.95,400,HOLD
1780365607706,10:00:03,45.95,46.07,47.18,45.26,45.75,2840900.0,131470000.0,45.92,1300,45.91,400,45.9,300,45.89,800,45.85,700,45.95,100,45.96,600,45.97,2000,46.0,500,46.02,100,HOLD
1780365610717,10:00:09,46.0,46.07,47.18,45.26,45.75,2844200.0,131620000.0,45.99,200,45.98,800,45.97,200,45.96,1000,45.95,500,46.02,100,46.05,2000,46.08,1800,46.09,4000,46.1,1800,HOLD
1780365616739,10:00:12,46.02,46.07,47.18,45.26,45.75,2844700.0,131650000.0,46.02,100,45.99,100,45.98,800,45.96,1000,45.95,500,46.05,2000,46.08,1800,46.09,4000,46.1,1800,46.13,300,HOLD
1780365619748,10:00:15,46.0,46.07,47.18,45.26,45.75,2846200.0,131710000.0,45.99,100,45.98,800,45.96,1000,45.95,500,45.93,200,46.0,1000,46.04,100,46.05,2000,46.08,1800,46.09,4000,HOLD
1780365622759,10:00:18,46.0,46.07,47.18,45.26,45.75,2858200.0,132270000.0,46.0,17300,45.96,400,45.95,500,45.93,200,45.92,1300,46.01,1200,46.02,600,46.04,500,46.05,2000,46.08,1800,HOLD
1780365625769,10:00:21,46.0,46.07,47.18,45.26,45.75,2861200.0,132400000.0,46.0,14600,45.96,400,45.95,500,45.93,200,45.92,1300,46.01,400,46.02,800,46.04,500,46.05,2000,46.08,1800,HOLD
1780365628776,10:00:24,46.01,46.07,47.18,45.26,45.75,2863500.0,132510000.0,46.01,600,46.0,12700,45.96,400,45.95,500,45.93,200,46.02,800,46.04,500,46.05,2000,46.08,1000,46.09,4000,HOLD
1780365631783,10:00:27,46.02,46.07,47.18,45.26,45.75,2869500.0,132790000.0,46.02,14000,46.0,8200,45.96,400,45.95,500,45.93,200,46.04,500,46.05,2000,46.08,1300,46.09,4000,46.1,5800,HOLD
1780365634797,10:00:30,46.04,46.07,47.18,45.26,45.75,2872100.0,132910000.0,46.04,6700,46.02,14100,46.01,100,46.0,8200,45.99,500,46.08,1300,46.09,4000,46.1,5800,46.13,300,46.15,200,HOLD
1780365637806,10:00:33,46.1,46.07,47.18,45.26,45.75,2886500.0,133570000.0,46.09,600,46.08,700,46.04,4500,46.02,14400,46.01,500,46.15,200,46.16,500,46.2,2400,46.23,200,46.25,200,HOLD
1780365640820,10:00:39,46.08,46.07,47.18,45.26,45.75,2981300.0,137930000.0,46.08,600,46.07,100,46.05,100,46.04,2200,46.03,300,46.15,900,46.19,300,46.2,4300,46.23,200,46.25,200,HOLD
1780365646842,10:00:42,46.09,46.07,47.18,45.26,45.75,2982600.0,137990000.0,46.08,700,46.07,100,46.05,100,46.04,2200,46.03,300,46.14,4900,46.15,400,46.2,4300,46.23,200,46.25,200,HOLD
1780365649849,10:00:45,46.2,46.07,47.18,45.26,45.75,2991900.0,138420000.0,46.11,100,46.08,11400,46.07,100,46.05,100,46.04,2200,46.2,400,46.23,200,46.25,200,46.26,200,46.28,1300,HOLD
1780365652863,10:00:48,46.15,46.07,47.18,45.26,45.75,2993300.0,138490000.0,46.15,300,46.14,3100,46.11,100,46.08,11400,46.07,100,46.23,200,46.25,200,46.26,200,46.28,1300,46.3,2700,HOLD
1780365655879,10:00:51,46.33,46.07,47.18,45.26,45.75,3004500.0,139010000.0,46.33,100,46.32,11500,46.26,12500,46.2,100,46.16,100,46.35,600,46.37,1600,46.38,300,46.4,8600,46.42,100,HOLD
1780365658889,10:00:54,46.32,46.07,47.18,45.26,45.75,3010700.0,139290000.0,46.2,600,46.16,100,46.15,1400,46.14,3100,46.11,100,46.32,1200,46.33,2700,46.34,200,46.35,600,46.37,1600,HOLD
1780365661896,10:00:57,46.32,46.07,47.18,45.26,45.75,3013100.0,139400000.0,46.23,3900,46.22,500,46.2,500,46.16,100,46.15,1400,46.32,1600,46.33,1900,46.34,200,46.35,600,46.37,1600,HOLD
1780365664908,10:01:03,46.32,46.07,47.18,45.26,45.75,3023800.0,139900000.0,46.23,3800,46.16,100,46.15,1900,46.14,1000,46.11,100,46.32,500,46.34,500,46.35,400,46.37,1600,46.38,300,HOLD
1780365671535,10:01:06,46.27,46.07,47.18,45.26,45.75,3024900.0,139950000.0,46.23,3400,46.16,100,46.15,1900,46.1,100,46.08,300,46.27,1400,46.31,200,46.32,300,46.34,500,46.35,200,HOLD
1780365674142,10:01:09,46.23,46.07,47.18,45.26,45.75,3029000.0,140140000.0,46.23,1300,46.16,100,46.15,1400,46.1,100,46.08,300,46.26,2500,46.27,1400,46.31,200,46.32,300,46.34,500,HOLD
1780365677364,10:01:12,46.23,46.07,47.18,45.26,45.75,3030900.0,140230000.0,46.16,100,46.15,1400,46.1,100,46.08,20300,46.05,100,46.23,600,46.26,4700,46.27,1100,46.3,400,46.31,200,HOLD
1780365679957,10:01:15,46.18,46.07,47.18,45.26,45.75,3031400.0,140250000.0,46.16,200,46.15,1400,46.11,300,46.1,100,46.08,20300,46.18,700,46.22,100,46.23,700,46.26,4700,46.27,1100,HOLD
1780365682963,10:01:18,46.32,46.07,47.18,45.26,45.75,3039800.0,140640000.0,46.31,5700,46.3,3400,46.29,3500,46.28,100,46.26,5200,46.32,100,46.33,600,46.34,500,46.35,200,46.37,1600,HOLD
1780365685972,10:01:24,46.36,46.07,47.18,45.26,45.75,3075000.0,142270000.0,46.36,2200,46.35,5500,46.34,2800,46.33,700,46.32,5800,46.37,100,46.38,300,46.4,8600,46.42,100,46.45,300,HOLD
1780365692001,10:01:27,46.48,46.07,47.18,45.26,45.75,3086800.0,142820000.0,46.47,3300,46.46,2500,46.45,900,46.44,3300,46.43,3400,46.48,100,46.49,600,46.5,5000,46.51,300,46.52,300,HOLD
1780365695004,10:01:30,46.5,46.07,47.18,45.26,45.75,3094100.0,143160000.0,46.5,2500,46.48,5500,46.47,3500,46.46,2500,46.45,900,46.51,300,46.52,300,46.55,300,46.56,100,46.58,500,HOLD
1780365698003,10:01:33,46.55,46.07,47.18,45.26,45.75,3096600.0,143270000.0,46.55,2600,46.54,200,46.53,1000,46.52,1700,46.51,3100,46.58,100,46.6,200,46.65,500,46.66,100,46.67,100,HOLD
1780365701011,10:01:39,46.61,46.07,47.18,45.26,45.75,3099300.0,143400000.0,46.61,1300,46.6,500,46.59,1100,46.58,6000,46.57,300,46.64,300,46.65,500,46.66,100,46.67,100,46.68,400,HOLD
