local_time_ms,server_time,price,open,high,low,prev_close,cum_volume,cum_amount,bp1,bv1,bp2,bv2,bp3,bv3,bp4,bv4,bp5,bv5,sp1,sv1,sp2,sv2,sp3,sv3,sp4,sv4,sp5,sv5,signal
1782177900044,09:24:57,40.35,0.0,0.0,0.0,40.35,0.0,0.0,40.35,12800,0.0,0,0.0,0,0.0,0,0.0,0,40.35,12800,0.0,1000,0.0,0,0.0,0,0.0,0,HOLD
1782177903020,09:25:00,40.35,40.35,40.35,40.35,40.35,18600.0,750000.0,40.35,600,40.3,1000,40.0,400,39.6,200,39.51,2400,40.36,4300,40.42,300,40.47,100,40.49,200,40.5,200,HOLD
1782177969058,09:26:06,40.35,40.35,40.35,40.35,40.35,18600.0,750000.0,40.35,600,40.3,1000,40.0,400,39.6,200,39.51,2400,40.36,4300,40.42,300,40.47,100,40.49,200,40.5,200,HOLD
1782178029079,09:27:06,40.35,40.35,40.35,40.35,40.35,18600.0,750000.0,40.35,600,40.3,1000,40.0,400,39.6,200,39.51,2400,40.36,4300,40.42,300,40.47,100,40.49,200,40.5,200,HOLD
1782178089103,09:28:06,40.35,40.35,40.35,40.35,40.35,18600.0,750000.0,40.35,600,40.3,1000,40.0,400,39.6,200,39.51,2400,40.36,4300,40.42,300,40.47,100,40.49,200,40.5,200,HOLD
1782178149097,09:29:06,40.35,40.35,40.35,40.35,40.35,18600.0,750000.0,40.35,600,40.3,1000,40.0,400,39.6,200,39.51,2400,40.36,4300,40.42,300,40.47,100,40.49,200,40.5,200,HOLD
1782178203111,09:30:00,40.17,40.35,40.36,40.0,40.35,22000.0,890000.0,40.02,200,40.0,700,39.6,200,39.51,2400,39.5,900,40.17,1600,40.22,400,40.26,1700,40.28,200,40.29,2000,HOLD
1782178206108,09:30:03,40.02,40.35,40.36,39.8,40.35,32500.0,1310000.0,40.02,800,40.0,2500,39.95,1000,39.8,2000,39.77,200,40.16,1500,40.17,1400,40.22,400,40.24,100,40.26,9400,HOLD
1782178212111,09:30:09,39.92,40.35,40.36,39.8,40.35,51300.0,2060000.0,39.9,1000,39.84,2100,39.8,1400,39.77,200,39.6,200,39.92,2800,39.95,8900,39.96,2100,39.97,2200,39.99,100,HOLD
1782178215112,09:30:12,39.81,40.35,40.36,39.8,40.35,62800.0,2520000.0,39.8,1300,39.77,200,39.6,200,39.51,2800,39.5,10900,39.81,1200,39.86,2900,39.9,2800,39.92,400,39.95,5800,HOLD
1782178218113,09:30:15,39.8,40.35,40.36,39.71,40.35,75200.0,3010000.0,39.81,100,39.6,900,39.58,700,39.51,2800,39.5,10900,39.82,100,39.86,2300,39.9,6000,39.92,100,39.95,700,HOLD
1782178224115,09:30:21,39.91,40.35,40.36,39.6,40.35,106800.0,4270000.0,39.91,3000,39.9,3700,39.89,500,39.82,3600,39.81,10700,39.95,1100,39.96,300,40.0,100,40.01,100,40.02,1900,HOLD
1782178227115,09:30:24,39.96,40.35,40.36,39.6,40.35,112700.0,4500000.0,39.96,1400,39.95,8400,39.94,1200,39.93,1500,39.92,900,40.02,1900,40.06,200,40.14,1500,40.15,300,40.16,100,HOLD
1782178230117,09:30:27,40.06,40.35,40.36,39.6,40.35,115500.0,4620000.0,40.06,10000,40.05,11000,40.02,10100,40.01,400,39.97,1500,40.14,1500,40.15,300,40.16,100,40.17,100,40.26,4400,HOLD
1782178233119,09:30:30,40.26,40.35,40.36,39.6,40.35,119400.0,4770000.0,40.19,3000,40.18,3600,40.17,4500,40.16,500,40.14,1400,40.26,4100,40.28,700,40.29,600,40.3,4300,40.31,400,HOLD
1782178236120,09:30:33,40.14,40.35,40.36,39.6,40.35,136200.0,5450000.0,40.14,1100,40.13,200,40.1,100,40.07,700,40.06,800,40.15,16600,40.18,300,40.19,7600,40.21,700,40.25,700,HOLD
1782178239122,09:30:36,40.09,40.35,40.36,39.6,40.35,141800.0,5670000.0,40.06,100,40.05,11000,40.02,1700,40.01,400,39.97,1400,40.09,200,40.1,800,40.13,800,40.14,7900,40.18,300,HOLD
1782178242125,09:30:39,40.02,40.35,40.36,39.6,40.35,157900.0,6320000.0,39.97,1300,39.96,2500,39.93,1500,39.92,1200,39.91,6600,40.05,1700,40.06,4500,40.09,300,40.1,400,40.13,100,HOLD
1782178245124,09:30:42,39.92,40.35,40.36,39.6,40.35,163900.0,6560000.0,39.92,1100,39.91,6200,39.9,2700,39.82,200,39.81,9700,39.95,1300,39.96,2400,39.97,1500,40.0,2500,40.04,2200,HOLD
1782178248125,09:30:45,39.85,40.35,40.36,39.6,40.35,177800.0,7110000.0,39.82,200,39.81,10300,39.8,400,39.79,200,39.6,1800,39.85,400,39.87,200,39.88,900,39.91,3000,39.92,2600,HOLD
1782178251128,09:30:48,39.82,40.35,40.36,39.6,40.35,186000.0,7440000.0,39.81,6600,39.8,400,39.79,200,39.61,400,39.6,1800,39.82,2200,39.83,300,39.88,400,39.91,2900,39.92,2300,HOLD
1782178254128,09:30:51,39.77,40.35,40.36,39.6,40.35,200400.0,8010000.0,39.61,400,39.6,1800,39.52,300,39.51,2800,39.5,11900,39.77,1200,39.81,2800,39.82,200,39.91,2900,39.92,1400,HOLD
1782178257130,09:30:54,39.8,40.35,40.36,39.6,40.35,205400.0,8210000.0,39.77,2700,39.73,100,39.71,200,39.64,200,39.62,64000,39.8,2400,39.81,1700,39.82,2300,39.91,2900,39.92,1000,HOLD
1782178260132,09:30:57,39.8,40.35,40.36,39.6,40.35,217300.0,8680000.0,39.8,2200,39.78,900,39.77,18400,39.73,100,39.64,200,39.82,1000,39.91,2900,39.92,1100,39.97,2700,40.0,4100,HOLD
1782178263137,09:31:00,39.88,40.35,40.36,39.6,40.35,247300.0,9880000.0,39.88,1900,39.82,2200,39.81,300,39.8,3400,39.78,800,39.91,4200,39.92,1100,39.97,2700,40.0,4100,40.04,100,HOLD
1782178266135,09:31:03,39.89,40.35,40.36,39.6,40.35,260100.0,10390000.0,39.96,3700,39.89,500,39.88,3300,39.82,3100,39.81,300,39.97,900,40.0,4100,40.04,100,40.06,3100,40.08,200,HOLD
1782178269136,09:31:06,39.89,40.35,40.36,39.6,40.35,277000.0,11070000.0,39.88,800,39.83,200,39.82,1300,39.81,300,39.8,3300,39.89,600,39.96,5300,40.0,200,40.06,3100,40.08,200,HOLD
1782178272137,09:31:09,39.82,40.35,40.36,39.6,40.35,283700.0,11330000.0,39.8,2800,39.78,1300,39.77,4200,39.71,300,39.61,2000,39.82,7700,39.88,2800,39.89,200,39.96,3400,40.0,800,HOLD
1782178275138,09:31:12,39.8,40.35,40.36,39.6,40.35,293900.0,11740000.0,39.78,1300,39.77,4200,39.71,300,39.61,2000,39.6,2100,39.8,4200,39.82,4700,39.88,900,39.89,600,39.96,1400,HOLD
1782178278139,09:31:15,39.8,40.35,40.36,39.6,40.35,300700.0,12010000.0,39.77,3400,39.71,300,39.61,2000,39.6,2100,39.52,300,39.8,3900,39.82,4700,39.88,900,39.89,400,39.96,1400,HOLD
1782178281141,09:31:18,39.77,40.35,40.36,39.6,40.35,307500.0,12280000.0,39.71,100,39.61,2000,39.6,2100,39.52,300,39.51,2800,39.77,5200,39.78,4500,39.79,1300,39.8,4100,39.82,4700,HOLD
1782178284142,09:31:21,39.61,40.35,40.36,39.6,40.35,312100.0,12460000.0,39.6,2300,39.52,300,39.51,2800,39.5,7000,39.49,1900,39.61,800,39.76,100,39.77,3000,39.78,4500,39.79,900,HOLD
1782178290147,09:31:27,39.78,40.35,40.36,39.6,40.35,338300.0,13510000.0,39.79,200,39.78,1000,39.77,12400,39.76,1500,39.67,100,39.88,800,39.89,400,40.0,4600,40.06,2700,40.08,200,HOLD
1782178296147,09:31:30,39.87,40.35,40.36,39.6,40.35,341900.0,13650000.0,39.83,800,39.8,500,39.79,7400,39.78,1200,39.77,10400,39.87,3600,39.88,700,39.89,600,40.0,4600,40.06,2700,HOLD
1782178299147,09:31:36,39.77,40.35,40.36,39.6,40.35,362300.0,14460000.0,39.77,5100,39.76,1500,39.7,800,39.62,500,39.61,11000,39.79,2700,39.83,2500,39.87,200,39.88,700,39.89,600,HOLD
1782178305150,09:31:39,39.79,40.35,40.36,39.6,40.35,366600.0,14630000.0,39.8,300,39.79,200,39.77,4300,39.76,1500,39.7,800,39.83,3000,39.87,200,39.88,700,39.89,600,40.0,4600,HOLD
1782178308150,09:31:45,39.83,40.35,40.36,39.6,40.35,385100.0,15370000.0,39.81,500,39.77,2300,39.76,1500,39.7,900,39.62,700,39.87,700,39.89,600,40.0,4600,40.05,1600,40.06,2700,HOLD
1782178314154,09:31:48,39.87,40.35,40.36,39.6,40.35,385400.0,15380000.0,39.82,200,39.81,300,39.77,3500,39.76,1500,39.7,900,39.87,600,39.89,600,40.0,4600,40.05,1600,40.06,2700,HOLD
1782178317154,09:31:54,39.83,40.35,40.36,39.6,40.35,386800.0,15440000.0,39.83,600,39.82,400,39.81,500,39.8,300,39.77,3400,39.84,100,39.86,100,39.87,200,39.89,400,40.0,8900,HOLD
1782178320155,09:31:57,39.76,40.35,40.36,39.6,40.35,393400.0,15700000.0,39.7,900,39.66,900,39.62,700,39.61,10900,39.6,1500,39.8,100,39.81,500,39.83,700,39.84,100,39.86,100,HOLD
1782178323159,09:32:00,39.79,40.35,40.36,39.6,40.35,394100.0,15730000.0,39.72,400,39.71,300,39.7,1000,39.66,900,39.62,700,39.79,300,39.8,200,39.81,500,39.84,100,39.86,100,HOLD
1782178326144,09:32:03,39.72,40.35,40.36,39.6,40.35,397900.0,15880000.0,39.72,100,39.71,100,39.7,1000,39.66,900,39.62,700,39.77,100,39.78,700,39.79,400,39.8,100,39.81,500,HOLD
1782178329145,09:32:06,39.79,40.35,40.36,39.6,40.35,401700.0,16030000.0,39.79,200,39.77,300,39.76,6200,39.73,5000,39.72,200,39.83,9300,39.84,100,39.86,100,39.89,400,39.99,100,HOLD
1782178332145,09:32:09,39.79,40.35,40.36,39.6,40.35,423100.0,16880000.0,39.79,100,39.76,600,39.73,5000,39.72,500,39.71,100,39.81,200,39.82,300,39.83,600,39.84,100,39.89,400,HOLD
1782178335146,09:32:12,39.66,40.35,40.36,39.6,40.35,437700.0,17460000.0,39.62,700,39.61,10900,39.6,1800,39.58,100,39.54,100,39.65,200,39.66,1900,39.68,3800,39.7,33800,39.72,100,HOLD
1782178338149,09:32:15,39.62,40.35,40.36,39.6,40.35,440100.0,17550000.0,39.63,200,39.62,3600,39.61,3400,39.6,1900,39.58,100,39.68,3400,39.75,200,39.78,200,39.79,3000,39.83,600,HOLD
1782178341153,09:32:18,39.77,40.35,40.36,39.6,40.35,444200.0,17720000.0,39.75,1700,39.71,1400,39.7,200,39.69,400,39.68,2100,39.77,600,39.79,3500,39.83,600,39.89,400,39.99,100,HOLD
1782178344153,09:32:21,39.77,40.35,40.36,39.6,40.35,455200.0,18150000.0,39.64,200,39.63,400,39.62,1900,39.61,1600,39.6,1900,39.76,2100,39.77,9200,39.78,2000,39.79,2700,39.82,400,HOLD
1782178347154,09:32:24,39.7,40.35,40.36,39.6,40.35,458100.0,18270000.0,39.66,700,39.65,400,39.64,300,39.63,400,39.62,2500,39.76,300,39.77,1600,39.78,2000,39.79,2200,39.82,400,HOLD
1782178350155,09:32:27,39.78,40.35,40.36,39.6,40.35,463000.0,18460000.0,39.78,400,39.77,600,39.72,200,39.69,400,39.68,1200,39.79,2200,39.82,500,39.83,700,39.99,100,40.0,9000,HOLD
1782178353155,09:32:30,39.83,40.35,40.36,39.6,40.35,528600.0,21070000.0,39.8,100,39.79,3000,39.77,400,39.7,15200,39.68,1200,39.83,500,39.88,300,39.99,100,40.0,5000,40.05,1600,HOLD
1782178356158,09:32:33,39.83,40.35,40.36,39.6,40.35,532100.0,21210000.0,39.83,1000,39.76,200,39.7,10100,39.68,1000,39.66,800,39.86,100,39.87,300,39.88,200,39.99,100,40.0,5000,HOLD
1782178359159,09:32:36,39.84,40.35,40.36,39.6,40.35,534600.0,21310000.0,39.79,200,39.7,2900,39.68,1500,39.66,800,39.65,400,39.84,100,39.86,400,39.87,1600,39.88,1500,39.99,100,HOLD
1782178362160,09:32:39,39.82,40.35,40.36,39.6,40.35,535100.0,21330000.0,39.71,1600,39.7,2600,39.68,1500,39.66,800,39.65,400,39.82,700,39.83,900,39.86,100,39.87,1000,39.88,1500,HOLD
1782178365161,09:32:42,39.74,40.35,40.36,39.6,40.35,536300.0,21380000.0,39.73,100,39.72,100,39.71,1500,39.7,2700,39.68,1500,39.8,1100,39.82,400,39.86,100,39.88,1500,39.99,100,HOLD
1782178368163,09:32:45,39.8,40.35,40.36,39.6,40.35,536600.0,21390000.0,39.72,300,39.71,2100,39.7,2700,39.68,1500,39.66,800,39.8,1900,39.82,100,39.86,100,39.88,1500,39.9,100,HOLD
1782178374167,09:32:51,39.73,40.35,40.36,39.6,40.35,537800.0,21440000.0,39.74,200,39.73,400,39.72,400,39.71,2100,39.7,2700,39.76,100,39.8,1700,39.82,100,39.86,100,39.88,1500,HOLD
1782178377169,09:32:54,39.8,40.35,40.36,39.6,40.35,541300.0,21580000.0,39.74,4000,39.72,500,39.71,2100,39.7,2700,39.68,700,39.8,4500,39.82,100,39.83,200,39.86,100,39.88,1500,HOLD
1782178383173,09:32:57,39.75,40.35,40.36,39.6,40.35,543600.0,21670000.0,39.76,200,39.75,500,39.74,2100,39.73,3800,39.72,600,39.8,4500,39.82,100,39.83,200,39.86,100,39.88,1500,HOLD
1782178386171,09:33:03,39.8,40.35,40.36,39.6,40.35,546100.0,21770000.0,39.79,100,39.77,3900,39.75,1000,39.74,1100,39.73,4500,39.8,5000,39.82,100,39.83,200,39.86,100,39.88,1500,HOLD
1782178389173,09:33:06,39.76,40.35,40.36,39.6,40.35,556300.0,22180000.0,39.75,4100,39.74,1200,39.73,4500,39.72,8000,39.71,2100,39.76,100,39.79,1000,39.8,5100,39.82,100,39.83,200,HOLD
1782178392174,09:33:09,39.83,40.35,40.36,39.6,40.35,563600.0,22470000.0,39.8,3600,39.79,4000,39.78,800,39.77,5800,39.76,3000,39.83,100,39.86,1100,39.88,2000,39.9,200,39.99,100,HOLD
1782178395175,09:33:12,39.9,40.35,40.36,39.6,40.35,568900.0,22680000.0,39.85,1400,39.84,4800,39.83,300,39.8,3800,39.79,4000,39.94,3300,39.95,3800,39.96,2700,39.97,1000,39.98,1200,HOLD
1782178398177,09:33:15,39.94,40.35,40.36,39.6,40.35,570600.0,22750000.0,39.89,5500,39.88,200,39.87,4200,39.86,2000,39.85,2800,39.94,300,39.95,600,39.99,3900,40.0,5600,40.05,1600,HOLD
1782178401178,09:33:18,39.83,40.35,40.36,39.6,40.35,601400.0,23970000.0,39.78,200,39.77,2500,39.76,4500,39.75,4400,39.74,1300,39.9,300,39.91,500,39.92,1300,39.93,1800,39.94,5000,HOLD
1782178404178,09:33:21,39.89,40.35,40.36,39.6,40.35,603200.0,24040000.0,39.85,400,39.83,500,39.8,200,39.79,1300,39.78,100,39.89,500,39.9,2300,39.91,500,39.94,100,39.95,600,HOLD
1782178407178,09:33:24,39.91,40.35,40.36,39.6,40.35,666600.0,26570000.0,39.9,500,39.85,4000,39.84,8000,39.83,13100,39.82,800,39.91,48800,39.94,100,39.95,600,39.99,2700,40.0,5500,HOLD
1782178410179,09:33:27,39.98,40.35,40.36,39.6,40.35,681400.0,27160000.0,39.92,6200,39.91,1800,39.9,800,39.89,1700,39.85,4000,39.98,1400,39.99,2700,40.0,5500,40.05,1600,40.06,2700,HOLD
1782178413181,09:33:30,40.0,40.35,40.36,39.6,40.35,686600.0,27370000.0,39.98,2800,39.96,5800,39.95,3100,39.94,3100,39.93,5600,40.0,4900,40.05,1600,40.06,2700,40.1,300,40.18,400,HOLD
1782178416184,09:33:33,40.09,40.35,40.36,39.6,40.35,706800.0,28180000.0,40.04,900,40.03,400,40.02,4000,40.0,32400,39.98,2800,40.09,100,40.1,300,40.18,400,40.2,500,40.25,1200,HOLD
1782178419182,09:33:36,40.1,40.35,40.36,39.6,40.35,707100.0,28190000.0,40.05,200,40.04,100,40.03,400,40.02,4000,40.0,32600,40.1,100,40.18,400,40.2,500,40.25,1200,40.26,300,HOLD
1782178422184,09:33:39,40.12,40.35,40.36,39.6,40.35,708200.0,28240000.0,40.11,200,40.1,3500,40.09,200,40.08,300,40.07,200,40.15,3300,40.16,500,40.18,300,40.2,600,40.25,1200,HOLD
1782178425186,09:33:42,40.15,40.35,40.36,39.6,40.35,725000.0,28910000.0,40.1,3300,40.09,1500,40.07,200,40.06,6000,40.05,4700,40.17,100,40.18,300,40.2,600,40.25,1200,40.26,300,HOLD
1782178428186,09:33:45,40.1,40.35,40.36,39.6,40.35,729100.0,29080000.0,40.09,1500,40.07,200,40.06,6000,40.05,4700,40.04,100,40.15,100,40.16,400,40.17,100,40.18,300,40.2,5400,HOLD
1782178431188,09:33:48,40.14,40.35,40.36,39.6,40.35,736700.0,29380000.0,40.06,6000,40.05,4700,40.04,200,40.03,200,40.02,3800,40.1,100,40.11,100,40.12,300,40.14,100,40.15,1600,HOLD
1782178434188,09:33:51,40.12,40.35,40.36,39.6,40.35,737800.0,29420000.0,40.1,100,40.09,200,40.08,100,40.07,300,40.06,6100,40.12,100,40.14,100,40.15,600,40.16,400,40.18,300,HOLD
1782178437190,09:33:54,40.07,40.35,40.36,39.6,40.35,738600.0,29460000.0,40.06,6100,40.05,4500,40.04,500,40.03,200,40.02,3800,40.09,100,40.12,200,40.14,500,40.15,600,40.16,400,HOLD
1782178440193,09:33:57,40.02,40.35,40.36,39.6,40.35,754100.0,30080000.0,40.0,31800,39.98,3100,39.96,5800,39.95,2900,39.94,5900,40.02,200,40.04,4700,40.05,800,40.06,900,40.08,1500,HOLD
1782178443197,09:34:00,40.01,40.35,40.36,39.6,40.35,754700.0,30100000.0,39.98,3100,39.96,5800,39.95,2900,39.94,5900,39.93,5600,40.0,100,40.01,1300,40.02,700,40.03,200,40.04,6100,HOLD
1782178446193,09:34:03,39.98,40.35,40.36,39.6,40.35,758200.0,30240000.0,39.96,5800,39.95,2900,39.94,5900,39.93,5600,39.92,2500,39.98,400,40.0,700,40.01,1000,40.02,700,40.03,200,HOLD
1782178452195,09:34:09,39.95,40.35,40.36,39.6,40.35,768900.0,30670000.0,39.93,5500,39.92,2500,39.91,9000,39.9,300,39.89,1400,39.96,1800,39.97,100,39.98,400,39.99,300,40.0,8900,HOLD
1782178458196,09:34:15,39.93,40.35,40.36,39.6,40.35,779300.0,31080000.0,39.96,200,39.94,300,39.93,400,39.92,1700,39.91,9000,39.97,100,39.98,1000,40.0,8500,40.02,200,40.06,1400,HOLD
1782178461199,09:34:18,39.95,40.35,40.36,39.6,40.35,782600.0,31220000.0,39.91,9000,39.9,900,39.89,1400,39.88,500,39.86,100,39.92,100,39.93,200,39.96,100,39.98,600,40.0,10100,HOLD
1782178464200,09:34:21,39.93,40.35,40.36,39.6,40.35,784100.0,31280000.0,39.92,100,39.91,1000,39.9,900,39.89,1400,39.88,500,39.94,200,39.95,100,39.98,600,40.0,10000,40.02,200,HOLD
1782178470202,09:34:27,39.89,40.35,40.36,39.6,40.35,788300.0,31440000.0,39.88,500,39.86,100,39.84,100,39.81,1900,39.8,1000,39.89,300,39.91,3900,39.92,7000,39.93,100,39.95,800,HOLD
1782178473204,09:34:30,39.9,40.35,40.36,39.6,40.35,788800.0,31460000.0,39.89,600,39.88,400,39.86,100,39.84,100,39.81,1900,39.9,100,39.91,3900,39.92,6800,39.93,500,39.95,800,HOLD
1782178476206,09:34:33,39.88,40.35,40.36,39.6,40.35,822200.0,32800000.0,39.86,100,39.84,100,39.8,200,39.79,100,39.78,300,39.88,100,39.89,25600,39.91,3000,39.92,6800,39.93,500,HOLD
1782178479206,09:34:36,39.91,40.35,40.36,39.6,40.35,825400.0,32920000.0,39.88,100,39.87,200,39.86,200,39.84,100,39.8,200,39.89,400,39.91,2900,39.92,6800,39.93,500,39.95,800,HOLD
1782178482207,09:34:39,39.87,40.35,40.36,39.6,40.35,827800.0,33020000.0,39.86,100,39.85,100,39.84,100,39.8,200,39.79,100,39.88,6100,39.91,2300,39.92,6800,39.93,500,39.95,800,HOLD
1782178485209,09:34:42,39.88,40.35,40.36,39.6,40.35,829300.0,33080000.0,39.85,100,39.84,100,39.8,200,39.79,100,39.78,300,39.88,5600,39.91,2300,39.92,6800,39.93,500,39.95,800,HOLD
1782178488210,09:34:45,39.86,40.35,40.36,39.6,40.35,835000.0,33310000.0,39.85,200,39.84,100,39.8,300,39.79,100,39.78,300,39.86,1200,39.88,4800,39.91,2300,39.92,6800,39.93,500,HOLD
1782178491212,09:34:48,39.88,40.35,40.36,39.6,40.35,839500.0,33490000.0,39.85,100,39.84,100,39.8,300,39.79,100,39.78,500,39.86,300,39.88,3400,39.91,2300,39.92,8100,39.93,500,HOLD
1782178497214,09:34:54,39.85,40.35,40.36,39.6,40.35,841800.0,33580000.0,39.84,300,39.8,300,39.79,100,39.78,500,39.77,200,39.85,6800,39.88,2100,39.91,2300,39.92,8100,39.93,500,HOLD
1782178503222,09:35:00,39.84,40.35,40.36,39.6,40.35,851900.0,33980000.0,39.84,500,39.8,1300,39.79,100,39.78,500,39.77,200,39.87,400,39.88,2100,39.91,2300,39.92,8100,39.93,500,HOLD
1782178506206,09:35:03,39.82,40.35,40.36,39.6,40.35,852800.0,34020000.0,39.8,1400,39.79,100,39.78,500,39.77,1000,39.76,3900,39.82,100,39.83,200,39.84,1000,39.87,500,39.88,1500,HOLD
1782178509207,09:35:06,39.82,40.35,40.36,39.6,40.35,853400.0,34040000.0,39.82,600,39.81,900,39.8,1400,39.79,100,39.78,500,39.84,2400,39.85,5000,39.87,200,39.88,1500,39.91,2300,HOLD
1782178512208,09:35:09,39.8,40.35,40.36,39.6,40.35,858400.0,34240000.0,39.78,500,39.77,1000,39.76,3900,39.75,1600,39.74,1400,39.8,1300,39.82,100,39.83,200,39.84,1100,39.85,5000,HOLD
1782178515209,09:35:12,39.8,40.35,40.36,39.6,40.35,859300.0,34270000.0,39.79,500,39.78,700,39.77,1000,39.76,3900,39.75,1600,39.8,1800,39.83,400,39.84,1100,39.85,5000,39.87,200,HOLD
1782178518211,09:35:15,39.8,40.35,40.36,39.6,40.35,862800.0,34410000.0,39.77,1000,39.76,3900,39.75,1900,39.74,1300,39.73,1700,39.81,100,39.83,100,39.84,1100,39.85,5000,39.88,1000,HOLD
1782178521216,09:35:18,39.78,40.35,40.36,39.6,40.35,865300.0,34510000.0,39.76,3900,39.75,2000,39.74,1300,39.73,1700,39.72,500,39.77,500,39.78,1900,39.79,200,39.83,200,39.84,1100,HOLD
1782178524214,09:35:21,39.77,40.35,40.36,39.6,40.35,867500.0,34600000.0,39.76,3600,39.75,2000,39.74,1300,39.73,1700,39.72,500,39.77,300,39.78,1900,39.79,200,39.8,3900,39.83,200,HOLD
1782178527215,09:35:24,39.77,40.35,40.36,39.6,40.35,868100.0,34620000.0,39.76,4100,39.75,2000,39.74,1300,39.73,1700,39.72,500,39.78,1900,39.79,200,39.8,4500,39.83,200,39.84,2100,HOLD
1782178530216,09:35:27,39.77,40.35,40.36,39.6,40.35,868400.0,34640000.0,39.76,4200,39.75,2000,39.74,1300,39.73,1700,39.72,400,39.78,400,39.79,200,39.8,4500,39.83,100,39.84,2100,HOLD
1782178533216,09:35:30,39.76,40.35,40.36,39.6,40.35,875900.0,34930000.0,39.75,2000,39.74,1300,39.73,1700,39.72,400,39.71,1200,39.79,200,39.8,4500,39.83,100,39.84,2100,39.85,5000,HOLD
1782178536218,09:35:33,39.79,40.35,40.36,39.6,40.35,877000.0,34980000.0,39.75,2100,39.74,1300,39.73,1700,39.72,400,39.71,1200,39.77,300,39.79,100,39.8,4500,39.83,100,39.84,2100,HOLD
1782178539220,09:35:36,39.79,40.35,40.36,39.6,40.35,877400.0,34990000.0,39.77,6100,39.76,500,39.75,2100,39.74,1300,39.73,1700,39.8,4700,39.83,100,39.84,2100,39.85,5000,39.88,1000,HOLD
1782178542220,09:35:39,39.77,40.35,40.36,39.6,40.35,878500.0,35040000.0,39.77,5200,39.76,500,39.75,2000,39.74,1300,39.73,1700,39.8,4700,39.83,100,39.84,2100,39.85,5000,39.88,1000,HOLD
1782178545222,09:35:42,39.77,40.35,40.36,39.6,40.35,884600.0,35280000.0,39.75,2000,39.74,1300,39.73,1700,39.72,400,39.71,1200,39.77,2900,39.78,100,39.79,200,39.8,5400,39.83,100,HOLD
1782178548221,09:35:45,39.75,40.35,40.36,39.6,40.35,886900.0,35370000.0,39.74,1300,39.73,1700,39.72,400,39.71,1200,39.7,4900,39.75,700,39.77,2900,39.78,100,39.79,200,39.8,5400,HOLD
1782178551224,09:35:48,39.77,40.35,40.36,39.6,40.35,888900.0,35450000.0,39.75,400,39.74,1300,39.73,1700,39.72,400,39.71,1200,39.77,2000,39.78,100,39.79,200,39.8,5400,39.83,100,HOLD
1782178554226,09:35:51,39.74,40.35,40.36,39.6,40.35,891600.0,35560000.0,39.73,1700,39.72,400,39.71,1200,39.7,4900,39.69,600,39.74,7800,39.75,7300,39.77,1700,39.78,100,39.79,200,HOLD
1782178557229,09:35:54,39.78,40.35,40.36,39.6,40.35,908800.0,36240000.0,39.76,5100,39.75,1500,39.74,200,39.73,1800,39.72,400,39.77,600,39.79,100,39.8,5400,39.83,100,39.84,2100,HOLD
1782178560229,09:35:57,39.78,40.35,40.36,39.6,40.35,909800.0,36280000.0,39.78,900,39.77,1900,39.76,6600,39.75,300,39.74,500,39.8,5300,39.83,100,39.84,2100,39.85,5000,39.88,2000,HOLD
1782178563236,09:36:00,39.8,40.35,40.36,39.6,40.35,916900.0,36560000.0,39.79,100,39.78,1600,39.77,4700,39.76,7600,39.75,400,39.8,1000,39.83,100,39.84,2100,39.85,5000,39.88,2000,HOLD
1782178566231,09:36:03,39.8,40.35,40.36,39.6,40.35,919900.0,36680000.0,39.8,3300,39.79,200,39.78,2100,39.77,4800,39.76,7500,39.82,500,39.83,100,39.84,2100,39.85,5000,39.88,2000,HOLD
1782178569232,09:36:06,39.82,40.35,40.36,39.6,40.35,920900.0,36720000.0,39.8,3600,39.79,200,39.78,900,39.77,3200,39.76,7500,39.83,1700,39.84,2100,39.85,5000,39.88,2000,39.91,3700,HOLD
1782178572232,09:36:09,39.8,40.35,40.36,39.6,40.35,923400.0,36820000.0,39.81,100,39.8,5400,39.79,300,39.78,900,39.77,3200,39.82,100,39.83,2400,39.84,2100,39.85,6000,39.88,2000,HOLD
1782178575234,09:36:12,39.81,40.35,40.36,39.6,40.35,928600.0,37030000.0,39.82,800,39.81,200,39.8,2000,39.79,600,39.78,1100,39.83,1100,39.84,2100,39.85,6000,39.88,2000,39.91,3700,HOLD
1782178581237,09:36:18,39.82,40.35,40.36,39.6,40.35,931300.0,37140000.0,39.82,300,39.81,200,39.8,3400,39.79,600,39.78,1200,39.84,2100,39.85,6000,39.88,2000,39.91,3700,39.92,7800,HOLD
1782178584237,09:36:21,39.82,40.35,40.36,39.6,40.35,932400.0,37180000.0,39.82,400,39.81,200,39.8,15800,39.79,400,39.78,1200,39.84,2100,39.85,6000,39.88,2000,39.91,3700,39.92,7800,HOLD
1782178587237,09:36:24,39.82,40.35,40.36,39.6,40.35,933500.0,37230000.0,39.82,200,39.81,300,39.8,15800,39.79,400,39.78,1100,39.84,1500,39.85,6000,39.88,2000,39.91,3700,39.92,7800,HOLD
1782178590238,09:36:27,39.84,40.35,40.36,39.6,40.35,935700.0,37310000.0,39.84,1400,39.83,400,39.82,200,39.81,300,39.8,15800,39.85,6000,39.88,2000,39.91,3700,39.92,7800,39.95,900,HOLD
1782178596240,09:36:33,39.84,40.35,40.36,39.6,40.35,938600.0,37430000.0,39.82,1200,39.81,300,39.8,16400,39.79,400,39.78,1100,39.84,9700,39.85,5700,39.88,2000,39.91,3700,39.92,7800,HOLD
1782178599241,09:36:36,39.82,40.35,40.36,39.6,40.35,940300.0,37500000.0,39.81,300,39.8,16400,39.79,400,39.78,1100,39.77,3100,39.82,500,39.83,400,39.84,10100,39.85,5700,39.88,2000,HOLD
1782178602244,09:36:39,39.8,40.35,40.36,39.6,40.35,976100.0,38920000.0,39.76,700,39.75,1800,39.73,200,39.72,400,39.71,4700,39.8,1700,39.81,300,39.82,600,39.83,1200,39.84,10500,HOLD
1782178605244,09:36:42,39.76,40.35,40.36,39.6,40.35,979200.0,39040000.0,39.75,1800,39.73,200,39.72,400,39.71,4700,39.7,6200,39.8,900,39.81,600,39.82,600,39.83,800,39.84,10500,HOLD
1782178608244,09:36:45,39.75,40.35,40.36,39.6,40.35,979700.0,39060000.0,39.75,1600,39.74,100,39.73,200,39.72,400,39.71,4700,39.79,100,39.8,1400,39.81,400,39.82,600,39.83,800,HOLD
1782178611246,09:36:48,39.75,40.35,40.36,39.6,40.35,981700.0,39140000.0,39.74,100,39.73,200,39.72,400,39.71,4700,39.7,6200,39.76,600,39.78,100,39.79,100,39.8,1400,39.81,400,HOLD
1782178614249,09:36:51,39.75,40.35,40.36,39.6,40.35,982100.0,39160000.0,39.73,200,39.72,400,39.71,4700,39.7,6200,39.69,600,39.75,200,39.76,600,39.78,100,39.8,1400,39.81,400,HOLD
1782178617248,09:36:54,39.75,40.35,40.36,39.6,40.35,983200.0,39200000.0,39.75,800,39.74,200,39.73,1200,39.72,5000,39.71,4800,39.76,400,39.78,100,39.8,1400,39.81,100,39.82,300,HOLD
1782178620249,09:36:57,39.77,40.35,40.36,39.6,40.35,1038000.0,41380000.0,39.77,26300,39.75,200,39.74,1200,39.73,4200,39.72,5000,39.82,300,39.84,10500,39.85,5800,39.88,2000,39.91,3700,HOLD
1782178623254,09:37:00,39.77,40.35,40.36,39.6,40.35,1047200.0,41750000.0,39.77,22200,39.76,500,39.75,600,39.74,1200,39.73,300,39.82,2200,39.83,1600,39.84,11200,39.85,6000,39.88,2000,HOLD
1782178626252,09:37:03,39.78,40.35,40.36,39.6,40.35,1047700.0,41770000.0,39.78,300,39.77,22300,39.76,500,39.75,1200,39.74,1200,39.81,1000,39.82,1200,39.83,1600,39.84,11200,39.85,6000,HOLD
1782178629254,09:37:06,39.76,40.35,40.36,39.6,40.35,1070800.0,42690000.0,39.75,1200,39.74,1200,39.73,100,39.72,5000,39.71,4800,39.76,300,39.77,400,39.8,1000,39.81,1100,39.82,1200,HOLD
1782178632254,09:37:09,39.74,40.35,40.36,39.6,40.35,1074200.0,42820000.0,39.74,1000,39.73,100,39.72,5000,39.71,4800,39.7,8000,39.75,200,39.78,2000,39.8,1200,39.81,1100,39.82,1300,HOLD
1782178635255,09:37:12,39.68,40.35,40.36,39.6,40.35,1096400.0,43700000.0,39.67,100,39.66,1700,39.65,800,39.62,2100,39.61,1700,39.68,1500,39.7,2600,39.71,2300,39.72,900,39.73,1700,HOLD
1782178641258,09:37:18,39.67,40.35,40.36,39.6,40.35,1100900.0,43880000.0,39.65,1100,39.62,2100,39.61,1700,39.6,8700,39.58,1100,39.66,300,39.67,400,39.71,2000,39.74,2800,39.75,60000,HOLD
1782178644259,09:37:21,39.64,40.35,40.36,39.6,40.35,1104400.0,44020000.0,39.61,1500,39.6,8700,39.58,1100,39.55,300,39.54,600,39.64,100,39.65,1100,39.66,5300,39.67,11900,39.71,2000,HOLD
1782178647261,09:37:24,39.6,40.35,40.36,39.58,40.35,1114800.0,44430000.0,39.58,1000,39.55,300,39.54,600,39.52,300,39.51,1200,39.6,800,39.61,2800,39.64,1000,39.65,1800,39.66,28000,HOLD
1782178650261,09:37:27,39.58,40.35,40.36,39.54,40.35,1117800.0,44550000.0,39.55,100,39.54,500,39.52,300,39.51,1200,39.5,13700,39.58,2400,39.6,2600,39.61,2400,39.64,1000,39.65,1800,HOLD
1782178653263,09:37:30,39.55,40.35,40.36,39.54,40.35,1118300.0,44570000.0,39.54,500,39.52,300,39.51,1200,39.5,13700,39.49,1400,39.57,1100,39.58,2800,39.59,600,39.6,1800,39.61,2400,HOLD
1782178656264,09:37:33,39.54,40.35,40.36,39.54,40.35,1124000.0,44800000.0,39.57,100,39.54,2200,39.52,300,39.51,1200,39.5,13700,39.58,100,39.59,600,39.6,2300,39.61,2100,39.64,1000,HOLD
1782178659265,09:37:36,39.57,40.35,40.36,39.54,40.35,1128700.0,44980000.0,39.55,200,39.54,1100,39.52,300,39.51,1300,39.5,13300,39.58,300,39.6,2200,39.61,2100,39.64,1000,39.65,1800,HOLD
1782178662267,09:37:39,39.54,40.35,40.36,39.54,40.35,1131200.0,45080000.0,39.54,600,39.52,300,39.51,1300,39.5,13700,39.49,1400,39.55,500,39.57,300,39.58,9700,39.6,2200,39.61,2000,HOLD
1782178665268,09:37:42,39.55,40.35,40.36,39.54,40.35,1132500.0,45130000.0,39.54,400,39.52,300,39.51,1300,39.5,13700,39.49,1400,39.57,600,39.58,9700,39.59,200,39.6,2200,39.61,2000,HOLD
1782178668269,09:37:45,39.55,40.35,40.36,39.54,40.35,1134600.0,45210000.0,39.54,1200,39.52,300,39.51,2400,39.5,14600,39.49,1400,39.57,500,39.58,9300,39.59,200,39.6,1700,39.61,2000,HOLD
1782178671274,09:37:48,39.57,40.35,40.36,39.54,40.35,1136200.0,45280000.0,39.55,100,39.54,1500,39.53,200,39.52,300,39.51,2400,39.58,9000,39.59,200,39.6,1700,39.61,2000,39.64,1000,HOLD
1782178674272,09:37:51,39.53,40.35,40.36,39.53,40.35,1138900.0,45380000.0,39.52,800,39.51,2400,39.5,13700,39.49,1900,39.48,800,39.53,600,39.54,400,39.55,1300,39.57,500,39.58,9000,HOLD
1782178677273,09:37:54,39.54,40.35,40.36,39.52,40.35,1140700.0,45460000.0,39.54,4700,39.52,1300,39.51,2400,39.5,15300,39.49,1900,39.55,8800,39.57,500,39.58,9200,39.59,200,39.6,2300,HOLD
1782178680275,09:37:57,39.53,40.35,40.36,39.52,40.35,1146900.0,45700000.0,39.53,1000,39.52,1800,39.51,2300,39.5,15400,39.49,1900,39.55,10300,39.57,500,39.58,9200,39.59,200,39.6,2300,HOLD
1782178683283,09:38:00,39.52,40.35,40.36,39.52,40.35,1148700.0,45770000.0,39.52,1500,39.51,2300,39.5,15400,39.49,2900,39.48,800,39.53,200,39.54,3700,39.55,10500,39.58,9200,39.59,200,HOLD
1782178689265,09:38:06,39.52,40.35,40.36,39.51,40.35,1155900.0,46060000.0,39.51,2300,39.5,15500,39.49,2900,39.48,900,39.45,800,39.52,200,39.53,3800,39.54,4200,39.55,11200,39.58,9200,HOLD
1782178692266,09:38:09,39.51,40.35,40.36,39.51,40.35,1157200.0,46110000.0,39.51,2700,39.5,16600,39.49,2900,39.48,900,39.45,800,39.52,11600,39.53,5100,39.54,4200,39.55,11200,39.58,9200,HOLD
1782178698267,09:38:15,39.55,40.35,40.36,39.51,40.35,1200300.0,47810000.0,39.54,300,39.53,5200,39.52,21700,39.51,2700,39.5,17900,39.58,4700,39.59,200,39.64,1000,39.65,1700,39.68,4400,HOLD
1782178701269,09:38:18,39.53,40.35,40.36,39.51,40.35,1209100.0,48160000.0,39.53,400,39.52,17200,39.51,3300,39.5,19000,39.49,3100,39.57,2000,39.58,4700,39.59,200,39.64,1000,39.65,1700,HOLD
1782178704271,09:38:21,39.52,40.35,40.36,39.51,40.35,1209900.0,48190000.0,39.52,17100,39.51,3300,39.5,19000,39.49,3100,39.48,900,39.53,2300,39.54,100,39.57,1900,39.58,4700,39.59,200,HOLD
1782178707273,09:38:24,39.5,40.35,40.36,39.5,40.35,1250000.0,49780000.0,39.49,3100,39.48,900,39.45,800,39.44,900,39.41,1000,39.5,400,39.51,1100,39.52,63600,39.53,25200,39.54,100,HOLD
1782178710273,09:38:27,39.5,40.35,40.36,39.49,40.35,1252700.0,49880000.0,39.49,2800,39.48,900,39.45,800,39.44,900,39.41,1000,39.5,400,39.51,500,39.52,51800,39.53,25200,39.54,100,HOLD
1782178716277,09:38:33,39.45,40.35,40.36,39.45,40.35,1258400.0,50110000.0,39.44,900,39.41,1200,39.4,900,39.39,400,39.37,400,39.46,600,39.47,200,39.48,1100,39.49,8900,39.5,9700,HOLD
1782178719278,09:38:36,39.4,40.35,40.36,39.4,40.35,1261500.0,50230000.0,39.39,400,39.38,500,39.37,400,39.36,1500,39.35,700,39.4,2000,39.44,2300,39.45,200,39.46,400,39.48,1100,HOLD
1782178722279,09:38:39,39.39,40.35,40.36,39.39,40.35,1261600.0,50230000.0,39.39,300,39.38,500,39.37,400,39.36,1500,39.35,700,39.4,2000,39.44,1700,39.45,1000,39.48,1100,39.49,8800,HOLD
1782178725281,09:38:42,39.37,40.35,40.36,39.37,40.35,1262900.0,50280000.0,39.36,1500,39.35,600,39.34,100,39.33,100,39.3,500,39.37,2300,39.39,1800,39.4,1900,39.45,800,39.48,1100,HOLD
1782178728281,09:38:45,39.36,40.35,40.36,39.36,40.35,1264400.0,50340000.0,39.35,800,39.34,100,39.33,100,39.3,500,39.2,2900,39.36,1700,39.37,2000,39.39,3300,39.45,100,39.48,1100,HOLD
1782178731283,09:38:48,39.36,40.35,40.36,39.36,40.35,1265700.0,50400000.0,39.35,1400,39.34,100,39.33,100,39.3,700,39.2,2900,39.36,6300,39.37,2500,39.39,3800,39.45,100,39.48,600,HOLD
1782178734270,09:38:51,39.36,40.35,40.36,39.35,40.35,1281900.0,51030000.0,39.36,1700,39.35,1600,39.34,100,39.33,100,39.3,700,39.39,3800,39.41,600,39.42,100,39.45,100,39.48,600,HOLD
1782178737270,09:38:54,39.36,40.35,40.36,39.35,40.35,1288600.0,51300000.0,39.36,2000,39.35,1500,39.34,8800,39.33,100,39.3,900,39.39,3700,39.41,600,39.42,100,39.45,100,39.48,600,HOLD
1782178743273,09:39:00,39.39,40.35,40.36,39.35,40.35,1297400.0,51640000.0,39.39,300,39.36,4100,39.35,1600,39.34,8800,39.33,100,39.41,800,39.42,100,39.45,100,39.48,600,39.5,10500,HOLD
1782178746279,09:39:03,39.4,40.35,40.36,39.35,40.35,1298900.0,51700000.0,39.4,100,39.36,4200,39.35,4200,39.34,8800,39.33,100,39.41,500,39.42,100,39.45,100,39.48,600,39.5,10500,HOLD
1782178749277,09:39:06,39.41,40.35,40.36,39.35,40.35,1300200.0,51750000.0,39.41,1400,39.4,1300,39.39,5000,39.38,1400,39.37,2400,39.45,100,39.48,600,39.5,10500,39.51,10000,39.52,44100,HOLD
1782178752278,09:39:09,39.46,40.35,40.36,39.35,40.35,1304500.0,51920000.0,39.46,2700,39.42,1700,39.41,5000,39.4,1300,39.39,5000,39.5,7300,39.51,10000,39.52,44100,39.53,25200,39.54,100,HOLD
1782178755279,09:39:12,39.47,40.35,40.36,39.35,40.35,1310000.0,52140000.0,39.42,200,39.41,2800,39.4,1200,39.39,4500,39.38,2700,39.48,200,39.49,400,39.5,11300,39.51,10000,39.52,44100,HOLD
1782178758280,09:39:15,39.44,40.35,40.36,39.35,40.35,1313300.0,52270000.0,39.41,2600,39.4,1200,39.39,4500,39.37,4800,39.36,4800,39.44,200,39.45,4000,39.46,1000,39.48,200,39.49,400,HOLD
1782178761281,09:39:18,39.4,40.35,40.36,39.35,40.35,1316500.0,52400000.0,39.4,1600,39.39,4500,39.37,2100,39.36,4800,39.35,1800,39.41,1500,39.44,1200,39.45,4000,39.46,1000,39.48,200,HOLD
1782178764268,09:39:21,39.4,40.35,40.36,39.35,40.35,1318900.0,52490000.0,39.39,4700,39.38,300,39.37,2200,39.36,4800,39.35,5200,39.41,1300,39.44,1200,39.45,4000,39.48,200,39.49,5400,HOLD
1782178770270,09:39:27,39.41,40.35,40.36,39.35,40.35,1323200.0,52660000.0,39.41,2300,39.4,2700,39.39,4700,39.38,600,39.37,2400,39.43,100,39.44,1200,39.45,4000,39.48,200,39.49,5000,HOLD
1782178773270,09:39:30,39.42,40.35,40.36,39.35,40.35,1329400.0,52900000.0,39.42,3300,39.41,4000,39.4,2800,39.39,5100,39.38,600,39.43,100,39.44,100,39.45,4000,39.48,200,39.49,5000,HOLD
1782178776271,09:39:33,39.48,40.35,40.36,39.35,40.35,1339000.0,53280000.0,39.48,8500,39.47,6300,39.46,2700,39.44,1500,39.43,3500,39.49,300,39.5,11300,39.51,10000,39.52,44600,39.53,2500,HOLD
1782178779273,09:39:36,39.49,40.35,40.36,39.35,40.35,1355900.0,53950000.0,39.48,4900,39.47,6300,39.46,3000,39.44,1500,39.43,10000,39.5,200,39.51,10000,39.52,44600,39.53,2500,39.54,500,HOLD
1782178782275,09:39:39,39.5,40.35,40.36,39.35,40.35,1362700.0,54220000.0,39.5,200,39.48,300,39.47,6300,39.46,3000,39.44,1500,39.51,9400,39.52,45200,39.53,2500,39.54,500,39.57,1600,HOLD
1782178785276,09:39:42,39.58,40.35,40.36,39.35,40.35,1424000.0,56640000.0,39.55,20600,39.54,3000,39.53,41600,39.52,40100,39.51,3000,39.58,2800,39.59,200,39.6,200,39.64,200,39.65,1700,HOLD
1782178788275,09:39:45,39.55,40.35,40.36,39.35,40.35,1446500.0,57530000.0,39.55,200,39.54,200,39.53,6000,39.52,21200,39.51,3200,39.58,3200,39.59,200,39.6,200,39.64,200,39.65,1700,HOLD
1782178791278,09:39:48,39.58,40.35,40.36,39.35,40.35,1447000.0,57550000.0,39.55,200,39.53,6000,39.52,21200,39.51,3200,39.5,200,39.58,2700,39.59,200,39.6,200,39.64,200,39.65,1700,HOLD
1782178794279,09:39:51,39.58,40.35,40.36,39.35,40.35,1451200.0,57720000.0,39.58,6000,39.56,200,39.55,500,39.54,100,39.53,3300,39.59,200,39.6,200,39.64,200,39.65,1700,39.68,300,HOLD
1782178797280,09:39:54,39.66,40.35,40.36,39.35,40.35,1454100.0,57830000.0,39.65,1000,39.59,100,39.58,7000,39.57,200,39.56,200,39.68,300,39.75,59900,39.78,700,39.8,1000,39.82,1700,HOLD
1782178800294,09:39:57,39.68,40.35,40.36,39.35,40.35,1454400.0,57850000.0,39.68,3000,39.67,400,39.66,600,39.65,1100,39.59,600,39.73,600,39.74,500,39.75,59900,39.78,700,39.8,1000,HOLD
1782178803278,09:40:00,39.58,40.35,40.36,39.35,40.35,1461000.0,58110000.0,39.63,100,39.6,2500,39.59,7800,39.58,6200,39.56,200,39.64,200,39.73,1100,39.74,500,39.75,59900,39.78,700,HOLD
1782178806284,09:40:03,39.73,40.35,40.36,39.35,40.35,1461300.0,58120000.0,39.65,100,39.64,2700,39.63,300,39.59,7400,39.58,6200,39.68,9500,39.73,1200,39.74,2500,39.75,59900,39.78,700,HOLD
1782178809282,09:40:06,39.68,40.35,40.36,39.35,40.35,1471000.0,58500000.0,39.68,300,39.66,200,39.65,200,39.64,2700,39.63,300,39.73,1200,39.74,2500,39.75,59900,39.78,700,39.8,600,HOLD
1782178812282,09:40:09,39.67,40.35,40.36,39.35,40.35,1472400.0,58560000.0,39.67,300,39.66,1000,39.65,100,39.64,500,39.63,300,39.73,100,39.74,2500,39.75,59900,39.78,700,39.8,600,HOLD
1782178815283,09:40:12,39.73,40.35,40.36,39.35,40.35,1472500.0,58560000.0,39.69,900,39.68,400,39.66,1000,39.65,100,39.64,400,39.73,300,39.74,2500,39.75,59900,39.78,700,39.8,600,HOLD
1782178818285,09:40:15,39.71,40.35,40.36,39.35,40.35,1476200.0,58710000.0,39.7,2100,39.69,900,39.68,800,39.66,1000,39.65,100,39.73,1000,39.74,200,39.75,59900,39.78,700,39.8,600,HOLD
1782178821286,09:40:18,39.73,40.35,40.36,39.35,40.35,1478600.0,58810000.0,39.73,900,39.7,2000,39.69,900,39.68,900,39.66,100,39.74,200,39.75,59900,39.78,600,39.8,600,39.82,1700,HOLD
1782178824289,09:40:21,39.75,40.35,40.36,39.35,40.35,1484300.0,59030000.0,39.74,1600,39.73,1300,39.71,200,39.7,2200,39.68,700,39.75,55000,39.78,600,39.8,1100,39.82,1700,39.84,11500,HOLD
1782178827289,09:40:24,39.75,40.35,40.36,39.35,40.35,1491100.0,59300000.0,39.74,1800,39.73,600,39.71,300,39.7,2000,39.68,3700,39.75,48200,39.78,600,39.8,1100,39.82,1700,39.84,11500,HOLD
1782178833292,09:40:30,39.8,40.35,40.36,39.35,40.35,1541300.0,61300000.0,39.79,1200,39.78,700,39.77,600,39.76,4600,39.75,21600,39.8,22900,39.82,1900,39.84,11500,39.85,5000,39.86,400,HOLD
1782178836292,09:40:33,39.8,40.35,40.36,39.35,40.35,1546300.0,61500000.0,39.78,1000,39.77,700,39.76,4700,39.75,5500,39.74,2000,39.8,19500,39.82,1900,39.84,11500,39.85,5000,39.86,400,HOLD
1782178839295,09:40:36,39.8,40.35,40.36,39.35,40.35,1552400.0,61740000.0,39.76,2900,39.75,1500,39.74,1800,39.73,200,39.71,600,39.8,18500,39.81,200,39.82,1900,39.84,11500,39.85,5000,HOLD
1782178842296,09:40:39,39.76,40.35,40.36,39.35,40.35,1553500.0,61780000.0,39.76,2900,39.75,1500,39.74,1400,39.73,200,39.71,600,39.8,18100,39.81,200,39.82,1900,39.84,11500,39.85,5000,HOLD
1782178845298,09:40:42,39.76,40.35,40.36,39.35,40.35,1558200.0,61970000.0,39.76,2600,39.75,300,39.74,1400,39.73,200,39.71,600,39.8,14000,39.81,200,39.82,1900,39.84,11500,39.85,5000,HOLD
1782178848299,09:40:45,39.76,40.35,40.36,39.35,40.35,1559300.0,62010000.0,39.76,1900,39.75,400,39.74,1400,39.73,100,39.71,600,39.8,13700,39.81,400,39.82,1900,39.84,11500,39.85,5000,HOLD
1782178851300,09:40:48,39.76,40.35,40.36,39.35,40.35,1562000.0,62120000.0,39.75,400,39.74,1400,39.73,100,39.71,600,39.7,3100,39.76,900,39.8,13700,39.81,400,39.82,1700,39.84,11500,HOLD
1782178854301,09:40:51,39.76,40.35,40.36,39.35,40.35,1562100.0,62130000.0,39.75,500,39.74,100,39.73,100,39.72,200,39.71,900,39.76,800,39.8,13700,39.81,400,39.82,1700,39.84,11500,HOLD
1782178857302,09:40:54,39.75,40.35,40.36,39.35,40.35,1564500.0,62220000.0,39.75,500,39.74,100,39.73,100,39.72,200,39.71,900,39.76,400,39.8,13600,39.81,400,39.82,1700,39.84,11500,HOLD
1782178860303,09:40:57,39.76,40.35,40.36,39.35,40.35,1566600.0,62300000.0,39.74,100,39.73,200,39.72,200,39.71,900,39.7,3400,39.76,300,39.79,200,39.8,13600,39.81,400,39.82,1700,HOLD
1782178863305,09:41:00,39.74,40.35,40.36,39.35,40.35,1567300.0,62330000.0,39.74,800,39.73,200,39.72,200,39.71,600,39.7,3400,39.78,900,39.79,200,39.8,16800,39.81,400,39.82,1700,HOLD
1782178866311,09:41:03,39.76,40.35,40.36,39.35,40.35,1567400.0,62340000.0,39.76,500,39.74,1800,39.73,200,39.72,200,39.71,600,39.78,1000,39.79,200,39.8,16800,39.81,400,39.82,1700,HOLD
1782178869308,09:41:06,39.76,40.35,40.36,39.35,40.35,1567900.0,62360000.0,39.76,400,39.75,100,39.74,1800,39.73,200,39.72,200,39.78,1700,39.79,200,39.8,16800,39.81,400,39.82,1700,HOLD
1782178872309,09:41:09,39.76,40.35,40.36,39.35,40.35,1568300.0,62370000.0,39.74,2000,39.73,200,39.72,200,39.71,600,39.7,3400,39.76,100,39.78,1300,39.79,200,39.8,17800,39.81,400,HOLD
1782178875311,09:41:12,39.74,40.35,40.36,39.35,40.35,1569700.0,62430000.0,39.74,1700,39.73,200,39.72,300,39.71,600,39.7,3400,39.75,700,39.78,300,39.79,200,39.8,17800,39.81,400,HOLD
1782178878312,09:41:15,39.74,40.35,40.36,39.35,40.35,1569700.0,62430000.0,39.74,1700,39.73,200,39.72,300,39.71,700,39.7,3700,39.75,700,39.76,1100,39.78,300,39.79,200,39.8,17800,HOLD
1782178881313,09:41:18,39.74,40.35,40.36,39.35,40.35,1570200.0,62450000.0,39.74,1300,39.73,300,39.72,300,39.71,700,39.7,3700,39.75,900,39.76,1100,39.78,300,39.79,200,39.8,17800,HOLD
1782178884316,09:41:21,39.74,40.35,40.36,39.35,40.35,1571000.0,62480000.0,39.74,500,39.73,300,39.72,300,39.71,700,39.7,3700,39.75,300,39.76,1100,39.78,300,39.79,200,39.8,17800,HOLD
1782178890318,09:41:27,39.75,40.35,40.36,39.35,40.35,1572900.0,62550000.0,39.74,200,39.73,1000,39.72,200,39.71,700,39.7,3700,39.76,300,39.78,700,39.79,200,39.8,18700,39.81,400,HOLD
1782178893320,09:41:30,39.76,40.35,40.36,39.35,40.35,1575200.0,62650000.0,39.76,100,39.74,100,39.73,1000,39.72,200,39.71,700,39.78,700,39.79,200,39.8,18700,39.81,400,39.82,1700,HOLD
1782178896321,09:41:33,39.78,40.35,40.36,39.35,40.35,1576200.0,62690000.0,39.76,200,39.74,200,39.73,900,39.72,100,39.71,700,39.78,200,39.79,200,39.8,18700,39.81,400,39.82,1700,HOLD
1782178899323,09:41:36,39.79,40.35,40.36,39.35,40.35,1577600.0,62740000.0,39.78,500,39.77,100,39.76,2000,39.74,200,39.73,900,39.79,100,39.8,18700,39.81,400,39.82,1700,39.84,13500,HOLD
1782178902323,09:41:39,39.83,40.35,40.36,39.35,40.35,1598800.0,63590000.0,39.83,1100,39.82,200,39.81,2200,39.8,15200,39.79,200,39.84,13200,39.85,4900,39.86,1900,39.88,2000,39.89,1500,HOLD
1782178905325,09:41:42,39.92,40.35,40.36,39.35,40.35,1624500.0,64610000.0,39.9,1400,39.88,1200,39.87,100,39.85,8600,39.84,800,39.92,5900,39.95,1800,39.98,100,40.0,5800,40.02,100,HOLD
1782178908325,09:41:45,39.9,40.35,40.36,39.35,40.35,1625100.0,64640000.0,39.9,1800,39.88,1200,39.87,100,39.85,3700,39.84,1000,39.92,5400,39.95,1800,39.98,100,40.0,5800,40.02,100,HOLD
1782178911325,09:41:48,39.9,40.35,40.36,39.35,40.35,1627400.0,64730000.0,39.91,1000,39.9,1300,39.88,1200,39.87,300,39.85,500,39.92,4000,39.95,1800,39.98,100,40.0,5700,40.02,100,HOLD
1782178914328,09:41:51,39.92,40.35,40.36,39.35,40.35,1628300.0,64760000.0,39.91,1700,39.9,1200,39.88,1200,39.87,300,39.86,100,39.92,3500,39.95,1800,39.98,100,40.0,5700,40.02,100,HOLD
1782178917329,09:41:54,39.92,40.35,40.36,39.35,40.35,1629300.0,64800000.0,39.91,2100,39.9,1200,39.88,1200,39.87,300,39.86,200,39.92,2700,39.95,2000,39.98,100,40.0,6200,40.02,100,HOLD
1782178920328,09:41:57,39.91,40.35,40.36,39.35,40.35,1633400.0,64970000.0,39.9,800,39.88,900,39.87,300,39.86,200,39.85,100,39.91,500,39.92,2700,39.95,2000,39.98,3100,40.0,6200,HOLD
1782178923330,09:42:00,39.91,40.35,40.36,39.35,40.35,1635300.0,65040000.0,39.88,500,39.87,300,39.86,200,39.85,100,39.84,200,39.9,2900,39.91,200,39.92,2800,39.95,2000,39.98,3100,HOLD
1782178926335,09:42:03,39.9,40.35,40.36,39.35,40.35,1638400.0,65170000.0,39.87,300,39.84,200,39.83,1700,39.81,6900,39.8,600,39.9,2500,39.91,200,39.92,2800,39.95,2000,39.98,3100,HOLD
1782178929334,09:42:06,39.87,40.35,40.36,39.35,40.35,1639300.0,65200000.0,39.83,1700,39.81,6900,39.8,600,39.79,200,39.76,2000,39.87,600,39.88,100,39.9,3000,39.91,100,39.92,2700,HOLD
1782178932336,09:42:09,39.9,40.35,40.36,39.35,40.35,1643100.0,65350000.0,39.87,100,39.83,1800,39.81,6900,39.8,2100,39.79,200,39.9,1800,39.92,2700,39.95,2000,39.98,3100,40.0,5700,HOLD
1782178935337,09:42:12,39.92,40.35,40.36,39.35,40.35,1646600.0,65490000.0,39.91,200,39.87,200,39.83,1700,39.81,6900,39.8,2100,39.92,2200,39.95,2100,39.98,3100,40.0,6000,40.02,100,HOLD
1782178938338,09:42:15,39.83,40.35,40.36,39.35,40.35,1648700.0,65580000.0,39.88,100,39.84,800,39.83,500,39.82,100,39.81,6900,39.92,1700,39.95,2100,39.98,3100,40.0,6000,40.02,100,HOLD
1782178941340,09:42:18,39.89,40.35,40.36,39.35,40.35,1648900.0,65590000.0,39.89,100,39.88,100,39.84,800,39.83,500,39.82,100,39.91,7300,39.92,1600,39.95,2100,39.98,3100,40.0,6000,HOLD
1782178947341,09:42:24,39.88,40.35,40.36,39.35,40.35,1649100.0,65590000.0,39.86,700,39.84,1100,39.83,500,39.82,100,39.81,6900,39.88,300,39.89,100,39.9,500,39.91,7500,39.92,2100,HOLD
1782178950341,09:42:27,39.87,40.35,40.36,39.35,40.35,1649200.0,65600000.0,39.86,700,39.84,1100,39.83,500,39.82,100,39.81,6900,39.87,300,39.88,300,39.89,100,39.9,500,39.91,7500,HOLD
1782178953342,09:42:30,39.86,40.35,40.36,39.35,40.35,1649900.0,65630000.0,39.85,200,39.84,300,39.83,500,39.82,400,39.81,6900,39.87,300,39.88,300,39.89,2100,39.9,500,39.91,8300,HOLD
1782178956346,09:42:33,39.86,40.35,40.36,39.35,40.35,1650000.0,65630000.0,39.85,200,39.84,300,39.82,400,39.81,6900,39.8,2100,39.88,300,39.89,3000,39.9,500,39.91,8300,39.92,2100,HOLD
1782178959347,09:42:36,39.84,40.35,40.36,39.35,40.35,1650500.0,65650000.0,39.84,100,39.82,400,39.81,6900,39.8,2100,39.79,200,39.85,500,39.87,100,39.88,300,39.89,3000,39.9,500,HOLD
1782178962349,09:42:39,39.8,40.35,40.36,39.35,40.35,1660800.0,66060000.0,39.79,200,39.76,2000,39.74,100,39.73,100,39.71,400,39.8,200,39.84,300,39.85,11300,39.86,500,39.87,300,HOLD
1782178965349,09:42:42,39.76,40.35,40.36,39.35,40.35,1661200.0,66070000.0,39.79,100,39.76,1900,39.74,100,39.73,100,39.71,400,39.8,400,39.81,200,39.84,200,39.85,11300,39.86,500,HOLD
1782178971352,09:42:48,39.91,40.35,40.36,39.35,40.35,1677100.0,66710000.0,39.88,7300,39.87,21100,39.86,500,39.85,9000,39.84,1400,39.91,900,39.92,1600,39.95,2100,39.98,3100,40.0,6900,HOLD
1782178974353,09:42:51,39.96,40.35,40.36,39.35,40.35,1683500.0,66960000.0,39.96,300,39.93,600,39.92,600,39.91,300,39.89,1800,39.98,3100,40.0,6400,40.02,100,40.03,300,40.06,1200,HOLD
1782178980355,09:42:57,39.89,40.35,40.36,39.35,40.35,1686500.0,67080000.0,39.91,100,39.9,1500,39.89,1000,39.88,7300,39.87,21100,39.96,1000,39.97,200,39.98,3400,40.0,6600,40.02,100,HOLD
1782178983356,09:43:00,39.9,40.35,40.36,39.35,40.35,1686800.0,67100000.0,39.9,1400,39.89,900,39.88,7300,39.87,21200,39.84,100,39.91,200,39.94,100,39.95,600,39.96,800,39.97,200,HOLD
1782178986362,09:43:03,39.91,40.35,40.36,39.35,40.35,1687000.0,67100000.0,39.89,500,39.88,7300,39.87,21200,39.84,100,39.81,300,39.93,100,39.94,100,39.95,500,39.96,1500,39.97,400,HOLD
1782178989359,09:43:06,39.91,40.35,40.36,39.35,40.35,1687000.0,67100000.0,39.9,100,39.89,500,39.88,7300,39.87,21200,39.84,100,39.91,7900,39.92,200,39.93,100,39.94,100,39.95,500,HOLD
1782178992360,09:43:09,39.9,40.35,40.36,39.35,40.35,1687100.0,67110000.0,39.89,600,39.88,7300,39.87,21200,39.84,100,39.81,300,39.9,2200,39.91,8000,39.92,200,39.94,100,39.95,500,HOLD
1782178995361,09:43:12,39.88,40.35,40.36,39.35,40.35,1688200.0,67150000.0,39.88,6800,39.87,21200,39.84,100,39.81,300,39.79,2400,39.89,300,39.9,2800,39.91,8000,39.92,100,39.94,100,HOLD
1782179001364,09:43:18,39.89,40.35,40.36,39.35,40.35,1692400.0,67320000.0,39.88,4300,39.87,21200,39.84,100,39.81,300,39.79,2400,39.89,900,39.9,2300,39.91,8600,39.94,100,39.96,1500,HOLD
1782179004366,09:43:21,39.89,40.35,40.36,39.35,40.35,1693800.0,67380000.0,39.88,5700,39.87,21200,39.84,100,39.81,300,39.79,2400,39.89,400,39.9,300,39.91,8600,39.94,100,39.95,200,HOLD
1782179007366,09:43:24,39.89,40.35,40.36,39.35,40.35,1696200.0,67470000.0,39.89,100,39.88,3800,39.87,21200,39.84,100,39.81,300,39.9,100,39.91,8500,39.94,100,39.95,200,39.96,1500,HOLD
1782179010366,09:43:27,39.91,40.35,40.36,39.35,40.35,1698000.0,67540000.0,39.91,300,39.89,100,39.88,3900,39.87,21200,39.84,100,39.95,200,39.96,1500,39.97,200,39.98,3400,40.0,6800,HOLD
1782179013366,09:43:30,39.89,40.35,40.36,39.35,40.35,1699900.0,67620000.0,39.89,2900,39.88,3700,39.87,21200,39.84,100,39.81,300,39.96,700,39.97,200,39.98,3400,40.0,6800,40.02,100,HOLD
1782179016367,09:43:33,39.89,40.35,40.36,39.35,40.35,1699900.0,67620000.0,39.89,1800,39.88,3700,39.87,21200,39.84,100,39.81,300,39.91,500,39.96,1100,39.97,200,39.98,3100,40.0,6800,HOLD
1782179019368,09:43:36,39.91,40.35,40.36,39.35,40.35,1700600.0,67650000.0,39.91,1000,39.9,200,39.89,700,39.88,3500,39.87,21200,39.95,100,39.96,1100,39.97,200,39.98,3100,40.0,6900,HOLD
1782179022369,09:43:39,39.89,40.35,40.36,39.35,40.35,1708600.0,67970000.0,39.89,300,39.88,3500,39.87,21200,39.85,100,39.84,100,39.91,800,39.95,8800,39.96,1100,39.97,200,39.98,3100,HOLD
1782179028369,09:43:45,40.02,40.35,40.36,39.35,40.35,1730200.0,68830000.0,40.02,2100,40.0,1200,39.99,400,39.98,300,39.97,700,40.03,300,40.05,2500,40.06,500,40.07,200,40.11,3700,HOLD
1782179034373,09:43:51,39.97,40.35,40.36,39.35,40.35,1734200.0,68990000.0,39.99,200,39.98,300,39.97,700,39.96,18200,39.94,500,40.05,2300,40.06,500,40.07,200,40.11,3700,40.14,200,HOLD
1782179037373,09:43:54,40.03,40.35,40.36,39.35,40.35,1735400.0,69040000.0,40.03,100,40.01,200,40.0,200,39.99,200,39.98,300,40.05,2300,40.06,500,40.11,3700,40.14,200,40.15,600,HOLD
1782179040374,09:43:57,40.0,40.35,40.36,39.35,40.35,1735800.0,69050000.0,40.0,100,39.99,200,39.98,300,39.97,700,39.96,18200,40.04,2000,40.05,2300,40.06,500,40.11,3700,40.14,200,HOLD
1782179043376,09:44:00,40.0,40.35,40.36,39.35,40.35,1735800.0,69050000.0,40.0,100,39.99,300,39.98,300,39.97,700,39.96,18200,40.02,500,40.03,10500,40.04,2000,40.05,2300,40.06,500,HOLD
1782179049384,09:44:06,39.98,40.35,40.36,39.35,40.35,1738700.0,69170000.0,39.97,500,39.96,18200,39.94,200,39.91,2900,39.89,400,39.98,100,39.99,200,40.0,1400,40.01,1000,40.02,200,HOLD
1782179052380,09:44:09,39.97,40.35,40.36,39.35,40.35,1740200.0,69230000.0,39.96,21100,39.94,200,39.91,2900,39.89,400,39.88,3600,39.97,0,39.99,200,40.0,2400,40.01,1000,40.02,200,HOLD
1782179055381,09:44:12,39.98,40.35,40.36,39.35,40.35,1741000.0,69260000.0,39.98,100,39.97,400,39.96,20900,39.94,200,39.91,2900,39.99,200,40.0,2200,40.01,1000,40.02,200,40.03,10000,HOLD
1782179058383,09:44:15,39.96,40.35,40.36,39.35,40.35,1766500.0,70280000.0,39.91,2300,39.9,200,39.89,400,39.88,3600,39.87,23700,39.96,4500,39.98,4800,39.99,200,40.0,2300,40.01,1000,HOLD
1782179061383,09:44:18,39.95,40.35,40.36,39.35,40.35,1772100.0,70500000.0,39.92,400,39.91,2300,39.9,200,39.89,400,39.88,3600,39.96,700,39.97,2600,39.98,4900,39.99,200,40.0,2300,HOLD
1782179064385,09:44:21,39.92,40.35,40.36,39.35,40.35,1772300.0,70510000.0,39.92,400,39.91,2300,39.9,200,39.89,400,39.88,3600,39.95,200,39.96,100,39.97,2600,39.98,300,39.99,200,HOLD
1782179067384,09:44:24,39.95,40.35,40.36,39.35,40.35,1775200.0,70630000.0,39.93,500,39.92,400,39.91,2300,39.9,200,39.89,400,39.96,100,39.97,600,39.98,200,39.99,200,40.0,1900,HOLD
1782179070386,09:44:27,39.96,40.35,40.36,39.35,40.35,1776900.0,70700000.0,39.91,2300,39.9,200,39.89,400,39.88,3600,39.87,23700,39.96,500,39.97,200,39.98,200,39.99,200,40.0,1900,HOLD
1782179073387,09:44:30,39.96,40.35,40.36,39.35,40.35,1778600.0,70760000.0,39.96,100,39.92,200,39.91,2300,39.9,200,39.89,400,39.97,200,39.98,200,39.99,200,40.0,1900,40.01,1000,HOLD
1782179079389,09:44:36,39.9,40.35,40.36,39.35,40.35,1786100.0,71060000.0,39.89,100,39.88,3600,39.87,23600,39.84,100,39.81,100,39.9,200,39.91,700,39.92,300,39.95,2300,39.96,4700,HOLD
1782179082389,09:44:39,39.87,40.35,40.36,39.35,40.35,1814400.0,72190000.0,39.81,400,39.8,500,39.79,2000,39.77,300,39.76,21400,39.85,100,39.86,100,39.87,4400,39.89,2400,39.9,100,HOLD
1782179085390,09:44:42,39.87,40.35,40.36,39.35,40.35,1816000.0,72250000.0,39.85,100,39.82,800,39.81,400,39.8,500,39.79,2000,39.86,200,39.87,3700,39.89,2400,39.9,1100,39.91,700,HOLD
1782179088390,09:44:45,39.82,40.35,40.36,39.35,40.35,1817000.0,72290000.0,39.82,500,39.81,400,39.8,500,39.79,2000,39.77,300,39.85,700,39.86,200,39.87,3700,39.89,100,39.9,1100,HOLD
1782179091393,09:44:48,39.82,40.35,40.36,39.35,40.35,1817300.0,72310000.0,39.82,100,39.81,400,39.8,1100,39.79,2000,39.77,300,39.83,100,39.84,100,39.85,700,39.86,200,39.87,3700,HOLD
1782179094395,09:44:51,39.82,40.35,40.36,39.35,40.35,1817500.0,72310000.0,39.81,400,39.8,1100,39.79,2000,39.77,300,39.76,21400,39.82,900,39.83,100,39.84,100,39.87,3700,39.89,100,HOLD
1782179100408,09:44:57,39.82,40.35,40.36,39.35,40.35,1819200.0,72380000.0,39.82,300,39.8,1100,39.79,2000,39.77,300,39.76,21400,39.83,100,39.87,3300,39.89,100,39.9,900,39.91,700,HOLD
1782179103397,09:45:00,39.8,40.35,40.36,39.35,40.35,1819900.0,72410000.0,39.8,1200,39.79,2000,39.77,500,39.76,21400,39.74,200,39.81,1000,39.82,500,39.87,3300,39.89,100,39.9,900,HOLD
1782179106399,09:45:03,39.79,40.35,40.36,39.35,40.35,1822700.0,72520000.0,39.79,700,39.77,500,39.76,21400,39.74,200,39.73,100,39.8,500,39.81,1000,39.82,3700,39.83,600,39.87,3300,HOLD
1782179112406,09:45:09,39.7,40.35,40.36,39.35,40.35,1849200.0,73580000.0,39.7,1600,39.68,3700,39.66,100,39.63,200,39.6,1100,39.72,1700,39.73,900,39.74,100,39.76,3500,39.77,100,HOLD
1782179115403,09:45:12,39.7,40.35,40.36,39.35,40.35,1851100.0,73650000.0,39.68,3700,39.66,100,39.63,200,39.6,1100,39.59,200,39.7,600,39.71,100,39.72,1700,39.73,900,39.74,100,HOLD
1782179118404,09:45:15,39.68,40.35,40.36,39.35,40.35,1854700.0,73790000.0,39.68,200,39.66,100,39.63,200,39.6,1100,39.59,200,39.69,1000,39.7,1300,39.71,100,39.72,1700,39.73,100,HOLD
1782179121406,09:45:18,39.68,40.35,40.36,39.35,40.35,1855600.0,73830000.0,39.67,400,39.66,200,39.63,200,39.6,1100,39.59,200,39.68,200,39.69,800,39.7,800,39.72,1500,39.74,100,HOLD
1782179124407,09:45:21,39.66,40.35,40.36,39.35,40.35,1856200.0,73850000.0,39.63,200,39.6,1100,39.59,200,39.58,7800,39.55,1100,39.67,500,39.68,200,39.69,800,39.7,800,39.72,1500,HOLD
1782179130411,09:45:27,39.6,40.35,40.36,39.35,40.35,1858600.0,73950000.0,39.6,500,39.58,7800,39.55,1100,39.53,3200,39.51,200,39.62,200,39.63,5000,39.64,300,39.65,100,39.66,700,HOLD
1782179133414,09:45:30,39.6,40.35,40.36,39.35,40.35,1859500.0,73980000.0,39.58,7900,39.55,1100,39.53,3200,39.51,200,39.5,41300,39.6,600,39.62,600,39.63,5000,39.64,300,39.66,700,HOLD
1782179136415,09:45:33,39.6,40.35,40.36,39.35,40.35,1861300.0,74060000.0,39.6,1700,39.58,7700,39.56,100,39.55,1100,39.53,3200,39.62,200,39.63,2300,39.66,700,39.67,100,39.7,200,HOLD
1782179139422,09:45:36,39.6,40.35,40.36,39.35,40.35,1863600.0,74150000.0,39.58,7700,39.56,100,39.55,1100,39.53,3200,39.51,200,39.6,200,39.61,800,39.63,1700,39.66,700,39.67,100,HOLD
1782179142419,09:45:39,39.58,40.35,40.36,39.35,40.35,1867300.0,74290000.0,39.58,4700,39.56,100,39.55,1100,39.53,3200,39.51,200,39.59,500,39.6,400,39.61,800,39.62,700,39.63,1700,HOLD
1782179145419,09:45:42,39.6,40.35,40.36,39.35,40.35,1872400.0,74490000.0,39.58,400,39.56,100,39.55,2100,39.53,3200,39.51,200,39.6,100,39.61,800,39.62,700,39.63,1000,39.67,100,HOLD
1782179148421,09:45:45,39.58,40.35,40.36,39.35,40.35,1873700.0,74550000.0,39.55,2100,39.53,200,39.51,200,39.5,43300,39.49,200,39.58,800,39.59,200,39.6,100,39.61,800,39.62,700,HOLD
1782179151423,09:45:48,39.55,40.35,40.36,39.35,40.35,1875700.0,74630000.0,39.55,100,39.53,200,39.51,200,39.5,43600,39.49,200,39.56,1800,39.57,600,39.58,2000,39.59,200,39.6,100,HOLD
1782179154424,09:45:51,39.53,40.35,40.36,39.35,40.35,1876100.0,74640000.0,39.53,100,39.51,200,39.5,43600,39.49,200,39.48,1700,39.55,6300,39.56,2200,39.57,600,39.58,2600,39.59,200,HOLD
1782179160425,09:45:57,39.5,40.35,40.36,39.35,40.35,1877600.0,74700000.0,39.5,44600,39.49,200,39.48,1700,39.47,600,39.46,300,39.51,1300,39.52,700,39.53,2100,39.54,800,39.55,200,HOLD
1782179163426,09:46:00,39.5,40.35,40.36,39.35,40.35,1878600.0,74740000.0,39.5,44800,39.49,200,39.48,1700,39.47,600,39.46,300,39.51,400,39.52,700,39.53,900,39.54,800,39.57,600,HOLD
1782179166429,09:46:03,39.51,40.35,40.36,39.35,40.35,1880300.0,74810000.0,39.5,43900,39.49,200,39.48,1700,39.47,600,39.46,300,39.52,700,39.53,1600,39.54,800,39.57,600,39.58,1400,HOLD
1782179169430,09:46:06,39.54,40.35,40.36,39.35,40.35,1887500.0,75090000.0,39.53,5200,39.5,43200,39.49,200,39.48,1700,39.47,600,39.57,600,39.6,100,39.61,200,39.63,400,39.67,100,HOLD
1782179172437,09:46:09,39.55,40.35,40.36,39.35,40.35,1889900.0,75190000.0,39.54,800,39.53,5400,39.51,1600,39.5,43100,39.49,200,39.57,600,39.6,100,39.61,200,39.63,400,39.7,100,HOLD
1782179175433,09:46:12,39.54,40.35,40.36,39.35,40.35,1892600.0,75290000.0,39.55,500,39.54,300,39.53,5400,39.51,1600,39.5,43100,39.56,1400,39.57,600,39.6,100,39.61,200,39.63,400,HOLD
1782179181433,09:46:18,39.51,40.35,40.36,39.35,40.35,1902500.0,75680000.0,39.53,100,39.51,1200,39.5,43800,39.49,200,39.48,1800,39.54,1900,39.55,2500,39.56,1200,39.57,700,39.6,100,HOLD
1782179184435,09:46:21,39.52,40.35,40.36,39.35,40.35,1903100.0,75710000.0,39.51,1300,39.5,44100,39.49,200,39.48,1800,39.47,600,39.52,1600,39.53,1600,39.54,1900,39.55,400,39.56,1200,HOLD
1782179187436,09:46:24,39.51,40.35,40.36,39.35,40.35,1904500.0,75760000.0,39.51,100,39.5,43800,39.49,200,39.48,2000,39.47,600,39.52,1400,39.53,1600,39.54,1200,39.55,3500,39.56,1200,HOLD
1782179190437,09:46:27,39.51,40.35,40.36,39.35,40.35,1905400.0,75800000.0,39.5,43800,39.49,200,39.48,2000,39.47,600,39.46,300,39.51,500,39.52,1400,39.54,3700,39.55,3500,39.56,1200,HOLD
1782179193438,09:46:30,39.52,40.35,40.36,39.35,40.35,1907600.0,75890000.0,39.51,500,39.5,44400,39.49,200,39.48,2000,39.47,600,39.52,100,39.54,3700,39.55,3500,39.56,1200,39.57,700,HOLD
1782179196439,09:46:33,39.51,40.35,40.36,39.35,40.35,1909200.0,75950000.0,39.5,44900,39.49,200,39.48,2000,39.47,600,39.46,300,39.51,500,39.52,100,39.54,2700,39.55,3600,39.56,1200,HOLD
1782179199441,09:46:36,39.52,40.35,40.36,39.35,40.35,1910500.0,76000000.0,39.52,1200,39.51,100,39.5,45700,39.49,200,39.48,2000,39.54,2600,39.55,3600,39.56,1200,39.57,600,39.58,500,HOLD
1782179202442,09:46:39,39.52,40.35,40.36,39.35,40.35,1911200.0,76030000.0,39.52,500,39.51,1100,39.5,45900,39.49,200,39.48,2000,39.53,100,39.54,2600,39.55,3600,39.56,1200,39.57,600,HOLD
1782179205442,09:46:42,39.52,40.35,40.36,39.35,40.35,1911700.0,76050000.0,39.52,100,39.51,1900,39.5,47000,39.49,200,39.48,2000,39.53,1800,39.54,2600,39.55,3600,39.56,1200,39.57,800,HOLD
1782179208443,09:46:45,39.51,40.35,40.36,39.35,40.35,1913200.0,76110000.0,39.51,600,39.5,47000,39.49,200,39.48,2000,39.47,600,39.52,4700,39.53,1600,39.54,2600,39.55,3600,39.56,1200,HOLD
1782179211444,09:46:48,39.51,40.35,40.36,39.35,40.35,1914300.0,76150000.0,39.5,49200,39.49,200,39.48,2100,39.47,600,39.46,300,39.51,900,39.52,6500,39.53,2000,39.54,2600,39.55,3400,HOLD
1782179214445,09:46:51,39.5,40.35,40.36,39.35,40.35,1916800.0,76250000.0,39.5,46800,39.49,200,39.48,2100,39.47,600,39.46,300,39.51,1600,39.52,6700,39.53,1900,39.54,2600,39.55,3400,HOLD
1782179217445,09:46:54,39.5,40.35,40.36,39.35,40.35,1967000.0,78230000.0,39.48,400,39.47,600,39.46,300,39.45,600,39.44,100,39.5,39900,39.51,2100,39.52,6500,39.53,500,39.54,2600,HOLD
1782179220447,09:46:57,39.47,40.35,40.36,39.35,40.35,1970000.0,78350000.0,39.47,100,39.46,200,39.45,600,39.44,200,39.43,300,39.48,1500,39.49,1500,39.5,39800,39.51,2100,39.52,3100,HOLD
1782179223447,09:47:00,39.46,40.35,40.36,39.35,40.35,1971300.0,78400000.0,39.46,100,39.45,600,39.44,200,39.43,300,39.42,1900,39.47,1000,39.48,2600,39.49,1500,39.5,40700,39.51,1500,HOLD
1782179226448,09:47:03,39.42,40.35,40.36,39.35,40.35,1973100.0,78470000.0,39.42,1200,39.41,1000,39.4,61600,39.39,1200,39.38,300,39.45,100,39.46,700,39.47,1600,39.48,1100,39.49,1500,HOLD
1782179229450,09:47:06,39.42,40.35,40.36,39.35,40.35,1974300.0,78520000.0,39.41,700,39.4,61400,39.39,1200,39.38,300,39.37,1000,39.42,1700,39.43,1600,39.44,700,39.46,700,39.47,600,HOLD
1782179232456,09:47:09,39.33,40.35,40.36,39.33,40.35,2056900.0,81770000.0,39.33,600,39.32,200,39.3,10100,39.28,1900,39.26,1000,39.34,2200,39.35,400,39.36,700,39.38,3100,39.39,2700,HOLD
1782179235453,09:47:12,39.3,40.35,40.36,39.3,40.35,2059600.0,81880000.0,39.3,8400,39.28,1900,39.26,1000,39.25,200,39.21,200,39.33,3500,39.34,1900,39.35,400,39.36,700,39.38,3100,HOLD
1782179238453,09:47:15,39.28,40.35,40.36,39.28,40.35,2070600.0,82310000.0,39.26,1000,39.25,200,39.21,200,39.2,18700,39.19,100,39.28,100,39.29,1200,39.3,4700,39.31,100,39.32,1100,HOLD
1782179241454,09:47:18,39.28,40.35,40.36,39.25,40.35,2073200.0,82410000.0,39.25,200,39.21,200,39.2,18700,39.19,100,39.18,100,39.28,2400,39.29,300,39.3,4900,39.31,100,39.32,1200,HOLD
1782179244455,09:47:21,39.26,40.35,40.36,39.21,40.35,2076800.0,82560000.0,39.2,18500,39.19,100,39.18,100,39.13,600,39.11,300,39.26,1700,39.28,500,39.3,1200,39.31,100,39.32,1200,HOLD
1782179247457,09:47:24,39.2,40.35,40.36,39.2,40.35,2081200.0,82730000.0,39.2,18300,39.18,100,39.13,700,39.11,300,39.1,500,39.24,400,39.25,7000,39.26,5400,39.28,100,39.3,1100,HOLD
1782179250457,09:47:27,39.2,40.35,40.36,39.2,40.35,2082100.0,82760000.0,39.2,18200,39.18,100,39.13,600,39.11,300,39.1,500,39.24,700,39.25,10700,39.26,5900,39.3,1100,39.31,100,HOLD
1782179253459,09:47:30,39.2,40.35,40.36,39.2,40.35,2086800.0,82950000.0,39.21,3000,39.2,14400,39.18,100,39.13,700,39.11,300,39.23,1200,39.24,600,39.25,10400,39.26,6100,39.3,1100,HOLD
1782179256458,09:47:33,39.25,40.35,40.36,39.2,40.35,2092900.0,83190000.0,39.22,200,39.21,2100,39.2,16200,39.18,100,39.13,600,39.25,9600,39.26,5100,39.3,500,39.31,100,39.32,100,HOLD
1782179259462,09:47:36,39.25,40.35,40.36,39.2,40.35,2109800.0,83850000.0,39.25,2000,39.24,3400,39.23,200,39.22,9000,39.21,2300,39.3,3800,39.31,100,39.32,100,39.33,17300,39.4,1500,HOLD
1782179262462,09:47:39,39.22,40.35,40.36,39.2,40.35,2129000.0,84600000.0,39.22,200,39.21,2000,39.2,18000,39.18,100,39.16,500,39.28,1000,39.29,200,39.3,3500,39.31,100,39.32,100,HOLD
1782179265464,09:47:42,39.25,40.35,40.36,39.2,40.35,2129400.0,84620000.0,39.25,100,39.24,100,39.23,2400,39.22,100,39.21,1900,39.27,300,39.28,1200,39.29,200,39.3,3500,39.31,100,HOLD
1782179268465,09:47:45,39.28,40.35,40.36,39.2,40.35,2130000.0,84640000.0,39.27,800,39.26,200,39.25,2200,39.24,100,39.23,2400,39.28,900,39.29,200,39.3,3500,39.31,100,39.32,100,HOLD
1782179271464,09:47:48,39.27,40.35,40.36,39.2,40.35,2131000.0,84680000.0,39.27,600,39.26,200,39.25,2200,39.24,100,39.23,2900,39.28,700,39.29,200,39.3,3600,39.31,100,39.33,100,HOLD
1782179274467,09:47:51,39.27,40.35,40.36,39.2,40.35,2132900.0,84760000.0,39.26,600,39.25,2400,39.24,100,39.23,2900,39.22,1000,39.27,16700,39.28,200,39.29,200,39.3,3600,39.31,100,HOLD
1782179277468,09:47:54,39.24,40.35,40.36,39.2,40.35,2145000.0,85230000.0,39.26,100,39.24,1200,39.23,3000,39.22,1000,39.21,3100,39.27,11400,39.28,200,39.29,200,39.3,3600,39.31,100,HOLD
1782179283470,09:48:00,39.23,40.35,40.36,39.2,40.35,2146700.0,85300000.0,39.24,100,39.23,2900,39.22,1000,39.21,2000,39.2,19400,39.25,200,39.26,3400,39.27,11600,39.28,200,39.29,200,HOLD
1782179286470,09:48:03,39.25,40.35,40.36,39.2,40.35,2147000.0,85310000.0,39.23,3900,39.22,1000,39.21,2100,39.2,21700,39.18,100,39.25,200,39.26,3400,39.27,11500,39.28,900,39.29,200,HOLD
1782179292478,09:48:09,39.24,40.35,40.36,39.2,40.35,2150000.0,85430000.0,39.23,2700,39.22,11900,39.21,1300,39.2,19000,39.18,100,39.24,4200,39.25,100,39.26,3200,39.27,11500,39.28,700,HOLD
1782179295473,09:48:12,39.23,40.35,40.36,39.2,40.35,2153600.0,85570000.0,39.23,300,39.22,11900,39.21,1300,39.2,19200,39.18,100,39.24,3000,39.25,100,39.26,3200,39.27,11500,39.28,100,HOLD
1782179298475,09:48:15,39.24,40.35,40.36,39.2,40.35,2157800.0,85730000.0,39.23,500,39.22,11900,39.21,1300,39.2,19200,39.18,100,39.25,100,39.26,3100,39.27,11500,39.28,100,39.29,200,HOLD
1782179301475,09:48:18,39.25,40.35,40.36,39.2,40.35,2170700.0,86240000.0,39.24,300,39.23,4000,39.22,11100,39.21,1300,39.2,19200,39.26,3100,39.27,11500,39.29,200,39.3,3600,39.33,100,HOLD
1782179304477,09:48:21,39.24,40.35,40.36,39.2,40.35,2171300.0,86260000.0,39.24,1400,39.23,1000,39.22,11000,39.21,1300,39.2,19200,39.26,3000,39.27,11500,39.29,200,39.3,3600,39.33,100,HOLD
1782179307478,09:48:24,39.23,40.35,40.36,39.2,40.35,2176800.0,86480000.0,39.23,1900,39.22,11000,39.21,1300,39.2,19500,39.18,100,39.24,2000,39.25,100,39.26,3000,39.27,11500,39.29,200,HOLD
1782179310480,09:48:27,39.23,40.35,40.36,39.2,40.35,2179300.0,86580000.0,39.23,1700,39.22,11000,39.21,1300,39.2,19500,39.18,100,39.24,100,39.25,3500,39.26,3000,39.27,11500,39.29,200,HOLD
1782179313479,09:48:30,39.23,40.35,40.36,39.2,40.35,2181800.0,86680000.0,39.24,300,39.23,1400,39.22,11000,39.21,1900,39.2,19800,39.25,3300,39.26,5100,39.27,11500,39.29,200,39.3,3600,HOLD
1782179316480,09:48:33,39.23,40.35,40.36,39.2,40.35,2184200.0,86770000.0,39.23,3100,39.22,11400,39.21,1900,39.2,19800,39.18,100,39.24,800,39.25,3300,39.26,5100,39.27,11200,39.29,200,HOLD
1782179319481,09:48:36,39.24,40.35,40.36,39.2,40.35,2185300.0,86810000.0,39.23,3500,39.22,11400,39.21,1900,39.2,19800,39.18,200,39.24,2100,39.25,3300,39.26,5100,39.27,11200,39.29,200,HOLD
1782179322482,09:48:39,39.23,40.35,40.36,39.2,40.35,2186800.0,86870000.0,39.23,2200,39.22,11400,39.21,1900,39.2,18100,39.18,200,39.24,4500,39.25,3400,39.26,5100,39.27,11200,39.29,200,HOLD
1782179325485,09:48:42,39.22,40.35,40.36,39.2,40.35,2190700.0,87030000.0,39.22,10200,39.21,1900,39.2,18100,39.18,200,39.16,500,39.23,400,39.24,4800,39.25,3400,39.26,5100,39.27,1200,HOLD
1782179328486,09:48:45,39.15,40.35,40.36,39.15,40.35,2221900.0,88250000.0,39.15,200,39.13,800,39.11,300,39.1,600,39.09,200,39.2,900,39.22,5700,39.23,1000,39.24,4800,39.25,3400,HOLD
1782179334489,09:48:51,39.11,40.35,40.36,39.11,40.35,2224500.0,88350000.0,39.1,600,39.09,200,39.08,100,39.07,500,39.06,200,39.11,1800,39.13,800,39.14,400,39.15,1300,39.2,2200,HOLD
1782179337489,09:48:54,39.1,40.35,40.36,39.1,40.35,2227800.0,88480000.0,39.09,200,39.08,100,39.07,500,39.06,200,39.05,600,39.1,13800,39.11,1700,39.15,1300,39.2,2200,39.21,1100,HOLD
1782179340490,09:48:57,39.1,40.35,40.36,39.09,40.35,2234700.0,88750000.0,39.09,11300,39.08,100,39.07,500,39.06,200,39.05,600,39.1,7800,39.11,1500,39.12,600,39.15,1300,39.2,2200,HOLD
1782179343492,09:49:00,39.09,40.35,40.36,39.09,40.35,2240600.0,88980000.0,39.09,10400,39.08,100,39.07,500,39.06,200,39.05,600,39.1,3100,39.11,1500,39.12,600,39.15,1300,39.2,2200,HOLD
1782179346493,09:49:03,39.1,40.35,40.36,39.09,40.35,2244200.0,89120000.0,39.1,100,39.09,10200,39.08,100,39.07,500,39.06,200,39.11,1400,39.12,600,39.2,2200,39.21,1000,39.22,1200,HOLD
1782179349495,09:49:06,39.1,40.35,40.36,39.09,40.35,2250700.0,89370000.0,39.09,5900,39.08,100,39.07,500,39.06,200,39.05,600,39.1,10800,39.11,800,39.12,600,39.2,2200,39.21,1000,HOLD
1782179352499,09:49:09,39.08,40.35,40.36,39.07,40.35,2261100.0,89780000.0,39.06,300,39.05,1000,39.03,2100,39.02,1100,39.01,3300,39.08,700,39.09,3900,39.1,24000,39.11,800,39.12,600,HOLD
1782179355497,09:49:12,39.05,40.35,40.36,39.05,40.35,2261800.0,89810000.0,39.05,800,39.03,2100,39.02,1100,39.01,3300,39.0,29100,39.07,2000,39.08,1500,39.09,6900,39.1,33100,39.11,800,HOLD
1782179358498,09:49:15,39.07,40.35,40.36,39.05,40.35,2267400.0,90030000.0,39.07,200,39.06,900,39.05,400,39.03,2100,39.02,1100,39.09,5300,39.1,33200,39.11,800,39.2,2200,39.21,800,HOLD
1782179361498,09:49:18,39.05,40.35,40.36,39.03,40.35,2271400.0,90180000.0,39.03,1900,39.02,1100,39.01,3300,39.0,32600,38.98,1000,39.05,14000,39.06,800,39.09,4900,39.1,14200,39.11,800,HOLD
1782179364500,09:49:21,39.03,40.35,40.36,39.03,40.35,2287300.0,90800000.0,39.03,100,39.02,1100,39.01,3300,39.0,32600,38.98,1000,39.05,300,39.06,800,39.07,300,39.09,4700,39.1,10800,HOLD
1782179367501,09:49:24,39.02,40.35,40.36,39.02,40.35,2295000.0,91100000.0,39.02,400,39.01,3300,39.0,32600,38.98,1000,38.97,600,39.03,11200,39.06,3100,39.07,300,39.09,4700,39.1,10800,HOLD
1782179370502,09:49:27,39.03,40.35,40.36,39.01,40.35,2298800.0,91250000.0,39.01,1400,39.0,32400,38.98,1200,38.97,600,38.96,15000,39.03,12100,39.06,3100,39.07,300,39.09,800,39.1,10800,HOLD
1782179373503,09:49:30,39.02,40.35,40.36,39.01,40.35,2299300.0,91270000.0,39.02,200,39.01,1200,39.0,32200,38.98,1200,38.97,600,39.03,11000,39.06,3100,39.07,300,39.09,800,39.1,10800,HOLD
1782179376504,09:49:33,39.02,40.35,40.36,39.01,40.35,2307100.0,91580000.0,39.01,2300,39.0,32000,38.98,1200,38.97,600,38.96,15000,39.02,600,39.03,7900,39.06,3100,39.07,300,39.09,800,HOLD
1782179379505,09:49:36,39.02,40.35,40.36,39.01,40.35,2309200.0,91660000.0,39.01,3100,39.0,33000,38.98,1200,38.97,900,38.96,15000,39.02,2900,39.03,6300,39.06,3100,39.07,300,39.09,800,HOLD
1782179382509,09:49:39,39.03,40.35,40.36,39.01,40.35,2317600.0,91990000.0,39.02,500,39.01,3900,39.0,32300,38.98,1200,38.97,900,39.03,2100,39.06,3100,39.07,300,39.09,800,39.1,10800,HOLD
1782179385508,09:49:42,39.03,40.35,40.36,39.01,40.35,2319000.0,92040000.0,39.02,400,39.01,4000,39.0,32400,38.98,1200,38.97,900,39.03,1500,39.06,3100,39.07,300,39.08,500,39.09,800,HOLD
1782179388509,09:49:45,39.02,40.35,40.36,39.01,40.35,2322400.0,92170000.0,39.01,3900,39.0,33000,38.98,1200,38.97,900,38.96,15000,39.02,7300,39.03,1500,39.06,3100,39.07,300,39.08,500,HOLD
1782179391510,09:49:48,39.02,40.35,40.36,39.01,40.35,2323200.0,92210000.0,39.01,3800,39.0,33200,38.98,1200,38.97,900,38.96,15000,39.02,8500,39.03,1500,39.06,3100,39.07,300,39.08,500,HOLD
1782179394511,09:49:51,39.02,40.35,40.36,39.01,40.35,2327300.0,92370000.0,39.01,3400,39.0,33300,38.98,1200,38.97,900,38.96,15000,39.02,6000,39.03,1500,39.06,3100,39.07,300,39.08,500,HOLD
1782179397513,09:49:54,39.02,40.35,40.36,39.01,40.35,2333000.0,92590000.0,39.01,4100,39.0,33500,38.98,1300,38.97,900,38.96,15000,39.02,500,39.03,1500,39.06,3100,39.07,300,39.08,500,HOLD
1782179400530,09:49:57,39.03,40.35,40.36,39.01,40.35,2336100.0,92710000.0,39.02,8300,39.01,4600,39.0,33700,38.98,1300,38.97,900,39.06,3100,39.07,300,39.08,500,39.09,800,39.1,10600,HOLD
1782179403514,09:50:00,39.02,40.35,40.36,39.01,40.35,2338000.0,92780000.0,39.03,100,39.02,9200,39.01,4700,39.0,33700,38.98,1300,39.06,2200,39.07,1800,39.08,500,39.09,800,39.1,10600,HOLD
1782179406514,09:50:03,39.02,40.35,40.36,39.01,40.35,2357100.0,93530000.0,39.02,100,39.01,200,39.0,33700,38.98,1300,38.97,900,39.03,1000,39.04,1100,39.05,2600,39.06,800,39.07,3400,HOLD
1782179409517,09:50:06,39.01,40.35,40.36,39.01,40.35,2361400.0,93700000.0,39.0,32700,38.98,1300,38.97,900,38.96,15100,38.95,300,39.01,300,39.03,2800,39.04,1100,39.05,2600,39.06,3000,HOLD
1782179412522,09:50:09,39.0,40.35,40.36,39.0,40.35,2364800.0,93830000.0,39.0,31600,38.98,1300,38.97,600,38.96,15100,38.95,300,39.03,1900,39.05,100,39.06,3000,39.07,3400,39.08,500,HOLD
1782179415521,09:50:12,39.0,40.35,40.36,39.0,40.35,2370000.0,94030000.0,39.01,200,39.0,29800,38.98,1100,38.97,700,38.96,15100,39.05,100,39.06,3000,39.07,3400,39.08,500,39.09,800,HOLD
1782179418523,09:50:15,39.0,40.35,40.36,39.0,40.35,2371400.0,94090000.0,39.01,800,39.0,29400,38.99,100,38.98,1200,38.97,700,39.02,200,39.05,200,39.06,3000,39.07,3400,39.08,500,HOLD
1782179421522,09:50:18,39.0,40.35,40.36,39.0,40.35,2373300.0,94160000.0,39.01,200,39.0,29800,38.99,100,38.98,1500,38.97,700,39.05,200,39.06,800,39.07,3400,39.08,500,39.09,800,HOLD
1782179427525,09:50:24,38.99,40.35,40.36,38.99,40.35,2407000.0,95470000.0,38.98,1500,38.97,1000,38.96,15100,38.95,300,38.94,200,39.0,1700,39.01,1500,39.05,2200,39.06,1100,39.07,3400,HOLD
1782179430527,09:50:27,39.0,40.35,40.36,38.97,40.35,2410300.0,95600000.0,38.97,900,38.96,15100,38.95,300,38.94,300,38.93,1000,38.99,1600,39.0,3800,39.01,500,39.05,2200,39.06,1100,HOLD
1782179433528,09:50:30,38.97,40.35,40.36,38.96,40.35,2413400.0,95720000.0,38.96,14600,38.95,300,38.94,200,38.93,1000,38.92,4900,38.97,2300,38.98,300,38.99,1900,39.0,3700,39.01,500,HOLD
1782179436529,09:50:33,38.96,40.35,40.36,38.96,40.35,2414900.0,95780000.0,38.96,13400,38.95,300,38.94,200,38.93,1000,38.92,4900,38.97,2300,38.98,3700,38.99,1900,39.0,2300,39.01,500,HOLD
1782179439531,09:50:36,38.96,40.35,40.36,38.96,40.35,2423500.0,96120000.0,38.96,5300,38.95,300,38.94,200,38.93,1000,38.92,5700,38.97,2100,38.98,3700,38.99,1100,39.0,3900,39.01,400,HOLD
1782179442534,09:50:39,38.96,40.35,40.36,38.96,40.35,2429000.0,96330000.0,38.95,300,38.94,200,38.93,1000,38.92,5600,38.91,9200,38.96,200,38.97,4400,38.98,3700,38.99,300,39.0,3100,HOLD
1782179445534,09:50:42,38.95,40.35,40.36,38.95,40.35,2429900.0,96370000.0,38.95,100,38.94,200,38.93,1000,38.92,5600,38.91,9200,38.96,1500,38.97,4300,38.98,400,39.0,3100,39.01,400,HOLD
1782179448534,09:50:45,38.95,40.35,40.36,38.95,40.35,2431000.0,96410000.0,38.94,200,38.93,100,38.92,5600,38.91,9100,38.9,12300,38.95,1500,38.96,1500,38.97,4200,38.98,400,39.0,3100,HOLD
1782179451536,09:50:48,38.95,40.35,40.36,38.95,40.35,2431000.0,96410000.0,38.94,300,38.93,200,38.92,5600,38.91,9100,38.9,12400,38.95,3100,38.96,1200,38.97,3900,38.98,400,39.0,3300,HOLD
1782179454538,09:50:51,38.95,40.35,40.36,38.94,40.35,2431700.0,96440000.0,38.93,200,38.92,5300,38.91,9100,38.9,12500,38.89,2500,38.95,4000,38.96,1100,38.97,2200,38.98,400,39.0,3300,HOLD
1782179457539,09:50:54,38.95,40.35,40.36,38.94,40.35,2431900.0,96440000.0,38.93,300,38.92,2000,38.91,9800,38.9,11300,38.89,2500,38.95,3800,38.96,1100,38.97,2200,38.98,400,39.0,3200,HOLD
1782179460541,09:50:57,38.98,40.35,40.36,38.94,40.35,2440100.0,96760000.0,38.99,200,38.98,200,38.97,100,38.96,400,38.95,2200,39.0,3100,39.01,400,39.06,800,39.07,3200,39.08,500,HOLD
1782179463541,09:51:00,39.01,40.35,40.36,38.94,40.35,2442900.0,96870000.0,39.0,400,38.99,1500,38.98,200,38.96,400,38.95,5000,39.06,800,39.07,3200,39.08,500,39.09,100,39.1,10400,HOLD
1782179466542,09:51:03,39.01,40.35,40.36,38.94,40.35,2442900.0,96870000.0,39.01,300,39.0,1100,38.99,1800,38.98,200,38.96,400,39.06,1100,39.07,3200,39.08,500,39.09,100,39.1,11000,HOLD
1782179469530,09:51:06,39.01,40.35,40.36,38.94,40.35,2443200.0,96880000.0,39.02,100,39.01,700,39.0,1300,38.99,1800,38.96,400,39.06,1200,39.07,3200,39.08,500,39.09,100,39.1,11000,HOLD
1782179472535,09:51:09,39.05,40.35,40.36,38.94,40.35,2448700.0,97100000.0,39.06,200,39.05,100,39.04,100,39.03,1800,39.02,300,39.09,400,39.1,11000,39.11,800,39.21,200,39.22,1200,HOLD
1782179475532,09:51:12,39.11,40.35,40.36,38.94,40.35,2460800.0,97570000.0,39.1,1200,39.09,100,39.08,900,39.06,700,39.05,100,39.11,100,39.2,1600,39.21,100,39.22,1200,39.23,300,HOLD
1782179478533,09:51:15,39.11,40.35,40.36,38.94,40.35,2461000.0,97580000.0,39.12,400,39.11,400,39.1,1200,39.09,200,39.08,900,39.2,1600,39.22,1200,39.23,300,39.24,100,39.26,2200,HOLD
1782179481533,09:51:18,39.1,40.35,40.36,38.94,40.35,2463000.0,97660000.0,39.13,100,39.12,400,39.11,1100,39.1,600,39.09,200,39.2,1600,39.22,1200,39.23,300,39.24,100,39.26,2200,HOLD
1782179484534,09:51:21,39.19,40.35,40.36,38.94,40.35,2465900.0,97770000.0,39.16,400,39.15,600,39.14,200,39.13,100,39.12,400,39.19,200,39.22,700,39.23,300,39.24,100,39.26,2200,HOLD
1782179487537,09:51:24,39.19,40.35,40.36,38.94,40.35,2465900.0,97770000.0,39.16,800,39.15,600,39.14,100,39.13,100,39.12,400,39.19,200,39.22,700,39.23,300,39.24,100,39.26,2200,HOLD
1782179490539,09:51:27,39.22,40.35,40.36,38.94,40.35,2466200.0,97780000.0,39.19,400,39.17,100,39.16,800,39.15,700,39.14,100,39.22,600,39.23,300,39.24,100,39.26,2200,39.27,800,HOLD
1782179493540,09:51:30,39.17,40.35,40.36,38.94,40.35,2470100.0,97940000.0,39.17,1000,39.16,400,39.15,100,39.13,100,39.12,200,39.18,1900,39.19,400,39.2,300,39.22,200,39.24,100,HOLD
1782179496542,09:51:33,39.17,40.35,40.36,38.94,40.35,2472100.0,98020000.0,39.16,500,39.15,100,39.13,100,39.12,200,39.11,1900,39.17,2100,39.18,1200,39.19,400,39.2,300,39.22,1500,HOLD
1782179499542,09:51:36,39.16,40.35,40.36,38.94,40.35,2472600.0,98040000.0,39.15,100,39.13,300,39.12,200,39.11,1900,39.1,400,39.17,2100,39.18,1100,39.19,400,39.2,300,39.22,1500,HOLD
1782179502544,09:51:39,39.17,40.35,40.36,38.94,40.35,2473300.0,98060000.0,39.15,800,39.14,200,39.13,300,39.12,200,39.11,1900,39.17,2100,39.18,1100,39.19,1400,39.2,300,39.22,1500,HOLD
1782179505545,09:51:42,39.17,40.35,40.36,38.94,40.35,2475800.0,98160000.0,39.17,500,39.16,500,39.15,1400,39.14,200,39.13,300,39.18,400,39.19,1000,39.2,300,39.22,1500,39.24,100,HOLD
1782179508546,09:51:45,39.18,40.35,40.36,38.94,40.35,2476100.0,98170000.0,39.18,300,39.17,3200,39.16,6400,39.15,1900,39.14,200,39.19,900,39.2,300,39.22,200,39.24,100,39.25,1600,HOLD
1782179511548,09:51:48,39.19,40.35,40.36,38.94,40.35,2477000.0,98210000.0,39.18,900,39.17,3300,39.16,7100,39.15,1900,39.14,200,39.21,100,39.22,200,39.24,100,39.25,1600,39.26,2200,HOLD
1782179514548,09:51:51,39.21,40.35,40.36,38.94,40.35,2477100.0,98210000.0,39.21,200,39.19,700,39.18,1100,39.17,3200,39.16,6800,39.22,200,39.24,100,39.25,1600,39.26,2200,39.27,800,HOLD
1782179517549,09:51:54,39.25,40.35,40.36,38.94,40.35,2478600.0,98270000.0,39.23,400,39.22,100,39.21,600,39.19,1500,39.18,1400,39.25,400,39.26,2200,39.27,800,39.29,300,39.3,500,HOLD
1782179520552,09:51:57,39.24,40.35,40.36,38.94,40.35,2479600.0,98310000.0,39.23,1100,39.22,1600,39.21,1100,39.19,1400,39.18,1300,39.26,1900,39.27,800,39.29,300,39.3,500,39.4,1500,HOLD
1782179523552,09:52:00,39.24,40.35,40.36,38.94,40.35,2480500.0,98350000.0,39.23,1400,39.22,3800,39.21,1500,39.19,1400,39.18,1200,39.24,400,39.26,1300,39.27,800,39.29,300,39.3,500,HOLD
1782179529554,09:52:06,39.25,40.35,40.36,38.94,40.35,2483000.0,98440000.0,39.24,1000,39.23,1100,39.22,4300,39.21,1600,39.19,800,39.25,100,39.26,900,39.27,800,39.28,200,39.29,300,HOLD
1782179532560,09:52:09,39.27,40.35,40.36,38.94,40.35,2485000.0,98520000.0,39.25,400,39.24,1100,39.23,1100,39.22,4100,39.21,1600,39.28,200,39.29,300,39.3,500,39.4,1500,39.42,300,HOLD
1782179535555,09:52:12,39.25,40.35,40.36,38.94,40.35,2485400.0,98540000.0,39.28,600,39.26,100,39.25,600,39.24,900,39.23,1100,39.29,300,39.3,500,39.4,1200,39.42,300,39.47,200,HOLD
1782179538556,09:52:15,39.3,40.35,40.36,38.94,40.35,2486400.0,98580000.0,39.31,100,39.3,100,39.29,500,39.28,500,39.26,100,39.4,400,39.42,300,39.47,200,39.5,38700,39.51,100,HOLD
1782179541556,09:52:18,39.36,40.35,40.36,38.94,40.35,2491400.0,98770000.0,39.34,400,39.29,500,39.28,34500,39.26,100,39.25,8600,39.4,200,39.42,300,39.47,200,39.5,38700,39.51,100,HOLD
1782179544556,09:52:21,39.34,40.35,40.36,38.94,40.35,2491800.0,98790000.0,39.34,300,39.29,500,39.28,17900,39.26,100,39.25,3900,39.39,700,39.4,300,39.42,300,39.47,200,39.5,38700,HOLD
1782179547558,09:52:24,39.37,40.35,40.36,38.94,40.35,2492200.0,98800000.0,39.35,1600,39.34,200,39.29,1200,39.28,16300,39.26,100,39.38,1300,39.39,700,39.4,300,39.42,300,39.47,200,HOLD
1782179553561,09:52:27,39.38,40.35,40.36,38.94,40.35,2492700.0,98820000.0,39.35,1800,39.34,200,39.29,1200,39.28,15200,39.26,100,39.38,800,39.39,700,39.4,300,39.42,300,39.47,200,HOLD
1782179556562,09:52:33,39.39,40.35,40.36,38.94,40.35,2494400.0,98890000.0,39.38,800,39.35,2300,39.34,200,39.33,200,39.29,1200,39.39,900,39.4,500,39.42,300,39.47,200,39.5,38700,HOLD
1782179559557,09:52:36,39.4,40.35,40.36,38.94,40.35,2498300.0,99040000.0,39.4,1900,39.39,200,39.38,500,39.35,2200,39.34,100,39.42,300,39.45,100,39.47,200,39.5,38700,39.51,100,HOLD
1782179562558,09:52:39,39.4,40.35,40.36,38.94,40.35,2498900.0,99070000.0,39.4,1800,39.39,2400,39.38,600,39.35,2200,39.34,100,39.45,100,39.47,200,39.5,38700,39.51,100,39.54,2500,HOLD
1782179565559,09:52:42,39.4,40.35,40.36,38.94,40.35,2500300.0,99120000.0,39.4,1300,39.39,2900,39.38,600,39.35,2200,39.34,100,39.47,200,39.5,38700,39.51,100,39.54,2500,39.55,1800,HOLD
1782179568560,09:52:45,39.45,40.35,40.36,38.94,40.35,2500600.0,99140000.0,39.41,100,39.4,2700,39.39,2800,39.38,600,39.35,2200,39.45,1300,39.46,2700,39.47,500,39.5,38700,39.51,100,HOLD
1782179574555,09:52:51,39.45,40.35,40.36,38.94,40.35,2502300.0,99200000.0,39.41,100,39.4,2600,39.39,700,39.38,200,39.35,2800,39.45,2800,39.46,2700,39.47,700,39.5,38700,39.51,100,HOLD
1782179577555,09:52:54,39.45,40.35,40.36,38.94,40.35,2502300.0,99200000.0,39.41,100,39.4,2600,39.39,700,39.38,200,39.35,2800,39.44,500,39.45,2900,39.46,2700,39.47,700,39.5,38700,HOLD
1782179583559,09:53:00,39.39,40.35,40.36,38.94,40.35,2509400.0,99480000.0,39.35,2800,39.34,100,39.33,200,39.31,300,39.29,1800,39.38,100,39.39,700,39.4,100,39.41,900,39.42,600,HOLD
1782179586558,09:53:03,39.37,40.35,40.36,38.94,40.35,2511400.0,99560000.0,39.36,100,39.35,1400,39.33,200,39.31,300,39.29,1800,39.37,200,39.38,300,39.39,700,39.4,100,39.41,800,HOLD
1782179589555,09:53:06,39.37,40.35,40.36,38.94,40.35,2512400.0,99600000.0,39.35,1100,39.33,200,39.31,300,39.29,2400,39.28,1100,39.37,100,39.38,300,39.39,700,39.4,100,39.41,800,HOLD
1782179592555,09:53:09,39.37,40.35,40.36,38.94,40.35,2512400.0,99600000.0,39.36,300,39.35,1100,39.33,200,39.31,300,39.29,2400,39.37,100,39.38,300,39.39,500,39.4,100,39.41,800,HOLD
1782179595561,09:53:12,39.35,40.35,40.36,38.94,40.35,2513900.0,99660000.0,39.33,900,39.31,300,39.29,2400,39.28,700,39.26,100,39.35,1500,39.37,100,39.38,300,39.39,500,39.4,100,HOLD
1782179598558,09:53:15,39.35,40.35,40.36,38.94,40.35,2517600.0,99810000.0,39.34,100,39.33,900,39.31,300,39.29,2400,39.28,500,39.35,400,39.37,100,39.39,500,39.4,100,39.41,800,HOLD
1782179601560,09:53:18,39.34,40.35,40.36,38.94,40.35,2518200.0,99830000.0,39.33,900,39.31,300,39.29,2400,39.28,500,39.26,100,39.34,100,39.35,800,39.37,100,39.39,500,39.4,100,HOLD
1782179604556,09:53:21,39.35,40.35,40.36,38.94,40.35,2524100.0,100060000.0,39.35,5300,39.33,1200,39.31,100,39.29,2400,39.28,500,39.37,100,39.39,500,39.4,100,39.41,800,39.44,500,HOLD
1782179607557,09:53:24,39.39,40.35,40.36,38.94,40.35,2524900.0,100090000.0,39.35,5300,39.33,1200,39.29,2400,39.28,500,39.26,100,39.39,1200,39.4,100,39.41,800,39.44,500,39.45,1300,HOLD
1782179610558,09:53:27,39.39,40.35,40.36,38.94,40.35,2525700.0,100120000.0,39.35,5300,39.33,1200,39.29,2400,39.28,500,39.26,100,39.39,400,39.4,100,39.41,800,39.44,500,39.45,1300,HOLD
1782179613559,09:53:30,39.39,40.35,40.36,38.94,40.35,2526200.0,100140000.0,39.35,5000,39.33,1100,39.29,2400,39.28,500,39.26,100,39.4,100,39.44,2000,39.45,1300,39.47,500,39.51,100,HOLD
1782179616560,09:53:33,39.4,40.35,40.36,38.94,40.35,2527100.0,100180000.0,39.39,300,39.37,5000,39.36,100,39.35,5000,39.33,1100,39.44,2000,39.45,1300,39.47,500,39.51,100,39.54,2500,HOLD
1782179619556,09:53:36,39.44,40.35,40.36,38.94,40.35,2529900.0,100290000.0,39.44,700,39.4,2400,39.39,800,39.38,100,39.37,5000,39.45,1300,39.47,500,39.51,100,39.54,2500,39.55,1800,HOLD
1782179622558,09:53:39,39.46,40.35,40.36,38.94,40.35,2531300.0,100340000.0,39.46,300,39.45,200,39.44,700,39.4,5000,39.39,800,39.47,500,39.51,100,39.54,2500,39.55,100,39.57,200,HOLD
1782179628560,09:53:45,39.47,40.35,40.36,38.94,40.35,2533000.0,100410000.0,39.5,400,39.47,3000,39.45,600,39.44,700,39.4,4300,39.51,1200,39.54,2500,39.55,100,39.57,800,39.6,200,HOLD
1782179631561,09:53:48,39.55,40.35,40.36,38.94,40.35,2538000.0,100610000.0,39.51,300,39.5,500,39.47,2700,39.45,600,39.44,700,39.55,900,39.56,5900,39.57,800,39.6,200,39.69,400,HOLD
1782179634556,09:53:51,39.55,40.35,40.36,38.94,40.35,2539100.0,100650000.0,39.52,100,39.51,600,39.5,400,39.47,2700,39.45,600,39.55,500,39.56,5900,39.57,800,39.6,200,39.69,400,HOLD
1782179637557,09:53:54,39.56,40.35,40.36,38.94,40.35,2543700.0,100830000.0,39.55,2300,39.54,500,39.52,1300,39.51,700,39.5,400,39.56,1800,39.57,800,39.6,200,39.69,400,39.7,5300,HOLD
1782179640558,09:53:57,39.56,40.35,40.36,38.94,40.35,2545500.0,100900000.0,39.56,1000,39.55,2300,39.54,600,39.52,1300,39.51,800,39.57,800,39.6,3000,39.69,400,39.7,5300,39.72,500,HOLD
1782179643559,09:54:00,39.57,40.35,40.36,38.94,40.35,2546300.0,100940000.0,39.56,500,39.55,2300,39.54,600,39.52,1300,39.51,1500,39.57,900,39.6,2800,39.69,400,39.7,5300,39.72,500,HOLD
1782179646559,09:54:03,39.47,40.35,40.36,38.94,40.35,2579900.0,102260000.0,39.47,1500,39.46,7200,39.44,3200,39.43,200,39.41,200,39.53,800,39.56,400,39.57,400,39.6,2800,39.69,400,HOLD
1782179649557,09:54:06,39.47,40.35,40.36,38.94,40.35,2580600.0,102290000.0,39.47,1900,39.46,700,39.43,200,39.41,200,39.38,1500,39.53,600,39.56,400,39.57,700,39.6,2800,39.69,400,HOLD
1782179652556,09:54:09,39.47,40.35,40.36,38.94,40.35,2583600.0,102410000.0,39.48,100,39.47,1500,39.46,400,39.43,200,39.41,200,39.55,8400,39.56,6700,39.57,700,39.6,3500,39.69,400,HOLD
1782179655556,09:54:12,39.53,40.35,40.36,38.94,40.35,2584000.0,102420000.0,39.49,200,39.48,100,39.47,200,39.46,400,39.43,200,39.52,8500,39.53,8200,39.54,100,39.55,100,39.56,5700,HOLD
1782179658562,09:54:15,39.49,40.35,40.36,38.94,40.35,2584500.0,102440000.0,39.48,200,39.46,400,39.45,300,39.38,1500,39.37,5000,39.49,400,39.52,8500,39.53,8200,39.54,100,39.55,100,HOLD
1782179661558,09:54:18,39.48,40.35,40.36,38.94,40.35,2585300.0,102480000.0,39.46,400,39.45,300,39.38,1500,39.37,5000,39.36,300,39.48,300,39.5,8100,39.51,5200,39.52,8500,39.54,100,HOLD
1782179664554,09:54:21,39.51,40.35,40.36,38.94,40.35,2595400.0,102870000.0,39.48,2400,39.46,400,39.45,300,39.38,1500,39.36,300,39.51,4900,39.52,300,39.54,100,39.55,100,39.56,5000,HOLD
1782179667556,09:54:24,39.48,40.35,40.36,38.94,40.35,2598500.0,103000000.0,39.48,700,39.46,300,39.45,300,39.38,1500,39.36,300,39.51,3600,39.55,100,39.56,5000,39.57,700,39.6,3300,HOLD
1782179670557,09:54:27,39.48,40.35,40.36,38.94,40.35,2599200.0,103020000.0,39.46,300,39.45,300,39.4,900,39.38,1500,39.36,300,39.48,500,39.5,100,39.51,3600,39.55,100,39.56,5000,HOLD
1782179676557,09:54:33,39.45,40.35,40.36,38.94,40.35,2600100.0,103060000.0,39.45,200,39.41,100,39.4,900,39.38,1500,39.36,300,39.46,5200,39.47,100,39.48,1400,39.5,600,39.51,3700,HOLD
1782179679553,09:54:36,39.46,40.35,40.36,38.94,40.35,2608000.0,103370000.0,39.45,300,39.44,100,39.41,100,39.4,900,39.38,100,39.46,1200,39.47,100,39.48,1400,39.5,600,39.51,3600,HOLD
1782179682554,09:54:39,39.46,40.35,40.36,38.94,40.35,2615400.0,103660000.0,39.46,3900,39.45,900,39.44,200,39.41,100,39.4,900,39.48,300,39.5,500,39.51,3600,39.55,100,39.56,4200,HOLD
1782179685557,09:54:42,39.47,40.35,40.36,38.94,40.35,2617400.0,103740000.0,39.47,1700,39.46,3700,39.45,600,39.44,100,39.41,100,39.55,100,39.56,4200,39.57,700,39.6,3600,39.64,400,HOLD
1782179691558,09:54:48,39.6,40.35,40.36,38.94,40.35,2620900.0,103880000.0,39.57,500,39.56,2200,39.55,200,39.54,100,39.53,200,39.6,1800,39.64,400,39.69,400,39.7,5500,39.72,500,HOLD
1782179694556,09:54:51,39.6,40.35,40.36,38.94,40.35,2621300.0,103900000.0,39.57,500,39.56,2200,39.55,200,39.54,100,39.53,200,39.6,1500,39.64,400,39.69,1400,39.7,5500,39.72,500,HOLD
1782179697555,09:54:54,39.57,40.35,40.36,38.94,40.35,2621700.0,103910000.0,39.57,300,39.56,2200,39.55,200,39.54,100,39.53,200,39.6,1500,39.64,400,39.69,1400,39.7,5500,39.72,500,HOLD
1782179700586,09:54:57,39.57,40.35,40.36,38.94,40.35,2621700.0,103910000.0,39.57,300,39.56,2200,39.55,200,39.54,100,39.53,200,39.58,100,39.59,200,39.6,9100,39.64,400,39.69,1400,HOLD
1782179703561,09:55:00,39.57,40.35,40.36,38.94,40.35,2622000.0,103920000.0,39.56,2200,39.55,200,39.54,100,39.53,200,39.52,1200,39.57,1000,39.58,1200,39.59,200,39.6,10300,39.64,400,HOLD
1782179706562,09:55:03,39.57,40.35,40.36,38.94,40.35,2625100.0,104050000.0,39.48,1900,39.46,1900,39.45,600,39.44,100,39.41,100,39.57,1200,39.58,1200,39.59,200,39.6,10300,39.64,400,HOLD
1782179709561,09:55:06,39.56,40.35,40.36,38.94,40.35,2625800.0,104080000.0,39.54,800,39.53,200,39.5,900,39.49,1200,39.48,1900,39.56,100,39.57,6300,39.58,1200,39.6,10300,39.64,400,HOLD
1782179712562,09:55:09,39.54,40.35,40.36,38.94,40.35,2627000.0,104120000.0,39.54,400,39.53,200,39.5,100,39.49,400,39.48,200,39.57,5900,39.58,1200,39.59,200,39.6,9100,39.64,400,HOLD
1782179718571,09:55:15,39.56,40.35,40.36,38.94,40.35,2629200.0,104210000.0,39.54,400,39.53,200,39.52,100,39.5,100,39.49,400,39.56,2400,39.57,6500,39.58,1200,39.59,200,39.6,9100,HOLD
1782179721564,09:55:18,39.54,40.35,40.36,38.94,40.35,2629700.0,104230000.0,39.54,900,39.51,400,39.49,400,39.48,200,39.46,1900,39.55,700,39.56,5000,39.57,6500,39.58,1200,39.59,200,HOLD
1782179724565,09:55:21,39.54,40.35,40.36,38.94,40.35,2646800.0,104910000.0,39.54,100,39.51,400,39.49,400,39.48,200,39.46,2000,39.56,700,39.57,6200,39.58,1100,39.59,200,39.6,9100,HOLD
1782179727566,09:55:24,39.56,40.35,40.36,38.94,40.35,2647200.0,104920000.0,39.52,100,39.51,400,39.49,400,39.48,200,39.46,1900,39.56,400,39.57,6200,39.58,1100,39.59,200,39.6,9000,HOLD
1782179730567,09:55:27,39.54,40.35,40.36,38.94,40.35,2647300.0,104930000.0,39.54,600,39.52,200,39.51,400,39.49,500,39.48,200,39.55,100,39.57,6200,39.58,1100,39.59,200,39.6,9000,HOLD
1782179733569,09:55:30,39.54,40.35,40.36,38.94,40.35,2648000.0,104950000.0,39.52,300,39.51,400,39.49,500,39.48,200,39.47,100,39.54,1900,39.55,200,39.56,400,39.57,6200,39.58,1100,HOLD
1782179736568,09:55:33,39.48,40.35,40.36,38.94,40.35,2649900.0,105030000.0,39.48,100,39.47,100,39.46,1900,39.45,600,39.44,200,39.52,4500,39.54,1900,39.55,100,39.56,400,39.57,4900,HOLD
1782179739568,09:55:36,39.44,40.35,40.36,38.94,40.35,2652700.0,105140000.0,39.41,100,39.4,700,39.38,300,39.36,300,39.35,400,39.44,100,39.45,300,39.46,400,39.47,300,39.48,600,HOLD
1782179742568,09:55:39,39.44,40.35,40.36,38.94,40.35,2652700.0,105140000.0,39.41,300,39.4,700,39.38,300,39.36,300,39.35,400,39.43,100,39.45,300,39.47,300,39.48,400,39.49,700,HOLD
1782179745569,09:55:42,39.4,40.35,40.36,38.94,40.35,2654500.0,105210000.0,39.4,300,39.38,300,39.36,300,39.35,400,39.33,200,39.41,100,39.44,200,39.45,300,39.47,300,39.48,400,HOLD
1782179748570,09:55:45,39.4,40.35,40.36,38.94,40.35,2654800.0,105220000.0,39.4,100,39.38,300,39.36,300,39.35,400,39.33,200,39.41,100,39.44,100,39.45,300,39.47,300,39.48,500,HOLD
1782179751571,09:55:48,39.4,40.35,40.36,38.94,40.35,2654800.0,105220000.0,39.4,300,39.38,300,39.36,300,39.35,400,39.33,200,39.41,100,39.44,100,39.45,300,39.47,300,39.48,100,HOLD
1782179754557,09:55:51,39.4,40.35,40.36,38.94,40.35,2655200.0,105240000.0,39.4,200,39.38,300,39.36,300,39.35,400,39.33,200,39.42,200,39.43,800,39.44,100,39.45,300,39.47,300,HOLD
1782179757558,09:55:54,39.4,40.35,40.36,38.94,40.35,2655400.0,105250000.0,39.38,200,39.36,300,39.35,400,39.33,200,39.3,300,39.41,3000,39.42,200,39.45,300,39.47,300,39.48,100,HOLD
1782179760559,09:55:57,39.38,40.35,40.36,38.94,40.35,2655800.0,105260000.0,39.38,100,39.36,300,39.35,400,39.33,200,39.3,300,39.4,1600,39.41,3000,39.42,200,39.45,300,39.47,300,HOLD
1782179763560,09:56:00,39.4,40.35,40.36,38.94,40.35,2657500.0,105330000.0,39.36,300,39.35,400,39.34,100,39.33,200,39.3,300,39.4,100,39.41,2400,39.45,300,39.47,300,39.48,100,HOLD
1782179766562,09:56:03,39.4,40.35,40.36,38.94,40.35,2658100.0,105350000.0,39.39,300,39.36,600,39.35,400,39.34,100,39.33,200,39.4,800,39.41,2000,39.45,300,39.47,300,39.48,100,HOLD
1782179769562,09:56:06,39.4,40.35,40.36,38.94,40.35,2658800.0,105380000.0,39.38,200,39.36,500,39.35,700,39.34,100,39.33,200,39.4,1300,39.41,2000,39.47,300,39.48,100,39.49,700,HOLD
1782179772563,09:56:09,39.4,40.35,40.36,38.94,40.35,2658800.0,105380000.0,39.38,200,39.36,400,39.35,700,39.34,100,39.33,200,39.39,300,39.4,1300,39.41,2000,39.47,300,39.48,100,HOLD
1782179775564,09:56:12,39.38,40.35,40.36,38.94,40.35,2659000.0,105390000.0,39.36,600,39.35,700,39.34,100,39.33,200,39.3,300,39.38,1800,39.39,300,39.4,1300,39.41,100,39.47,300,HOLD
1782179778565,09:56:15,39.36,40.35,40.36,38.94,40.35,2659800.0,105420000.0,39.35,700,39.34,100,39.33,700,39.3,300,39.29,2100,39.36,2800,39.38,1800,39.39,100,39.4,1300,39.47,300,HOLD
1782179781569,09:56:18,39.35,40.35,40.36,38.94,40.35,2661000.0,105470000.0,39.34,100,39.33,700,39.3,300,39.29,2100,39.28,600,39.35,1200,39.36,5900,39.38,2200,39.39,100,39.4,1300,HOLD
1782179784566,09:56:21,39.37,40.35,40.36,38.94,40.35,2666600.0,105690000.0,39.35,400,39.33,700,39.3,300,39.29,2100,39.28,600,39.37,400,39.38,2300,39.39,100,39.4,1300,39.47,300,HOLD
1782179787568,09:56:24,39.35,40.35,40.36,38.94,40.35,2687100.0,106490000.0,39.35,9600,39.33,1000,39.3,300,39.29,2100,39.28,600,39.38,2200,39.39,100,39.4,1300,39.47,300,39.48,100,HOLD
1782179790569,09:56:27,39.37,40.35,40.36,38.94,40.35,2688300.0,106540000.0,39.37,400,39.36,500,39.35,8800,39.33,1000,39.3,400,39.38,1700,39.39,100,39.4,1300,39.47,300,39.48,100,HOLD
1782179793570,09:56:30,39.37,40.35,40.36,38.94,40.35,2688900.0,106560000.0,39.37,500,39.36,500,39.35,1600,39.33,700,39.3,400,39.38,1700,39.39,100,39.4,1300,39.47,300,39.48,100,HOLD
1782179796570,09:56:33,39.37,40.35,40.36,38.94,40.35,2689500.0,106590000.0,39.36,500,39.35,1600,39.33,700,39.3,2400,39.29,2100,39.37,400,39.38,1700,39.39,100,39.4,1300,39.47,300,HOLD
1782179799570,09:56:36,39.37,40.35,40.36,38.94,40.35,2689500.0,106590000.0,39.36,600,39.35,1600,39.33,700,39.3,2400,39.29,2100,39.37,400,39.38,1700,39.39,100,39.4,1300,39.47,300,HOLD
1782179802572,09:56:39,39.36,40.35,40.36,38.94,40.35,2689700.0,106600000.0,39.36,400,39.35,1600,39.33,700,39.3,2400,39.29,2100,39.37,400,39.38,1700,39.39,100,39.4,1300,39.47,300,HOLD
1782179805573,09:56:42,39.36,40.35,40.36,38.94,40.35,2689900.0,106600000.0,39.36,1400,39.35,1600,39.33,700,39.3,2400,39.29,2100,39.37,2500,39.38,1200,39.39,100,39.4,1300,39.47,300,HOLD
1782179808575,09:56:45,39.36,40.35,40.36,38.94,40.35,2691500.0,106670000.0,39.36,800,39.35,1600,39.33,700,39.3,2400,39.29,2100,39.37,2500,39.38,1200,39.39,100,39.4,1300,39.47,300,HOLD
1782179811575,09:56:48,39.36,40.35,40.36,38.94,40.35,2692600.0,106710000.0,39.35,4700,39.33,700,39.3,2400,39.29,2100,39.28,500,39.36,600,39.37,2300,39.38,1200,39.39,100,39.4,1300,HOLD
1782179814577,09:56:51,39.33,40.35,40.36,38.94,40.35,2698300.0,106930000.0,39.33,200,39.3,2400,39.29,2100,39.28,500,39.26,100,39.35,100,39.36,200,39.37,2300,39.38,1100,39.39,100,HOLD
1782179817580,09:56:54,39.35,40.35,40.36,38.94,40.35,2699900.0,107000000.0,39.33,200,39.3,2400,39.29,2100,39.28,500,39.26,100,39.36,1200,39.37,2300,39.38,1100,39.39,100,39.4,1300,HOLD
1782179820580,09:56:57,39.33,40.35,40.36,38.94,40.35,2700100.0,107000000.0,39.3,2600,39.29,2100,39.28,500,39.26,100,39.24,100,39.32,100,39.33,1600,39.35,1400,39.36,3800,39.37,2300,HOLD
1782179823581,09:57:00,39.33,40.35,40.36,38.94,40.35,2700100.0,107000000.0,39.3,2400,39.29,2100,39.28,500,39.26,100,39.24,100,39.31,100,39.32,100,39.33,1700,39.35,1400,39.36,3800,HOLD
1782179826582,09:57:03,39.31,40.35,40.36,38.94,40.35,2700500.0,107020000.0,39.31,1000,39.3,2400,39.29,2100,39.28,500,39.26,100,39.32,100,39.33,2200,39.35,1400,39.36,1200,39.37,2300,HOLD
1782179829584,09:57:06,39.31,40.35,40.36,38.94,40.35,2700500.0,107020000.0,39.31,1000,39.3,2400,39.29,2100,39.28,500,39.26,100,39.32,500,39.33,2200,39.35,1400,39.36,1200,39.37,2300,HOLD
1782179832587,09:57:09,39.33,40.35,40.36,38.94,40.35,2701700.0,107070000.0,39.32,200,39.31,700,39.3,2400,39.29,2100,39.28,500,39.33,4800,39.35,1400,39.36,1200,39.37,2300,39.38,1100,HOLD
1782179835588,09:57:12,39.33,40.35,40.36,38.94,40.35,2708800.0,107350000.0,39.32,1700,39.31,800,39.3,3100,39.29,2100,39.28,500,39.35,1300,39.36,1200,39.37,2300,39.38,1100,39.39,100,HOLD
1782179838589,09:57:15,39.33,40.35,40.36,38.94,40.35,2708800.0,107350000.0,39.32,1900,39.31,1000,39.3,3100,39.29,2100,39.28,500,39.35,200,39.36,1200,39.37,2300,39.38,1100,39.39,100,HOLD
1782179841593,09:57:18,39.32,40.35,40.36,38.94,40.35,2709300.0,107370000.0,39.32,1200,39.31,1000,39.3,4100,39.29,2100,39.28,500,39.34,900,39.35,200,39.36,1000,39.37,2300,39.38,1100,HOLD
1782179844591,09:57:21,39.32,40.35,40.36,38.94,40.35,2710300.0,107410000.0,39.32,300,39.31,1200,39.3,4100,39.29,2100,39.28,500,39.34,900,39.35,200,39.36,1000,39.37,2300,39.38,1100,HOLD
1782179847592,09:57:24,39.32,40.35,40.36,38.94,40.35,2710600.0,107420000.0,39.33,5000,39.32,1100,39.31,1200,39.3,4100,39.29,2100,39.34,900,39.35,200,39.36,1000,39.37,2300,39.38,1100,HOLD
1782179850592,09:57:27,39.34,40.35,40.36,38.94,40.35,2710900.0,107430000.0,39.33,5000,39.32,1200,39.31,1200,39.3,4100,39.29,2200,39.35,200,39.36,1000,39.37,2300,39.38,1100,39.39,100,HOLD
1782179853593,09:57:30,39.35,40.35,40.36,38.94,40.35,2711100.0,107440000.0,39.35,100,39.33,5000,39.32,2800,39.31,1200,39.3,4100,39.36,1000,39.37,2300,39.38,1100,39.39,100,39.4,1300,HOLD
1782179856596,09:57:33,39.39,40.35,40.36,38.94,40.35,2715600.0,107610000.0,39.38,200,39.37,1500,39.36,2400,39.35,400,39.34,100,39.4,1300,39.47,300,39.48,100,39.49,700,39.5,700,HOLD
1782179859594,09:57:36,39.47,40.35,40.36,38.94,40.35,2717000.0,107670000.0,39.44,100,39.43,100,39.42,200,39.41,600,39.4,400,39.47,300,39.48,100,39.5,700,39.55,100,39.57,4900,HOLD
1782179862596,09:57:39,39.48,40.35,40.36,38.94,40.35,2717400.0,107690000.0,39.44,1800,39.43,100,39.41,600,39.4,200,39.38,4300,39.5,1000,39.55,600,39.57,4900,39.58,1100,39.59,800,HOLD
1782179865597,09:57:42,39.49,40.35,40.36,38.94,40.35,2718500.0,107730000.0,39.47,100,39.45,100,39.44,1800,39.43,100,39.41,600,39.49,300,39.5,1000,39.55,600,39.57,4900,39.58,1100,HOLD
1782179868598,09:57:45,39.49,40.35,40.36,38.94,40.35,2719800.0,107780000.0,39.45,800,39.44,1800,39.43,100,39.41,300,39.4,200,39.49,200,39.55,600,39.57,4900,39.58,1100,39.59,800,HOLD
1782179874600,09:57:51,39.47,40.35,40.36,38.94,40.35,2725900.0,108020000.0,39.45,8500,39.44,2100,39.43,100,39.4,200,39.38,3400,39.53,300,39.54,100,39.55,600,39.57,4900,39.58,1100,HOLD
1782179877586,09:57:54,39.45,40.35,40.36,38.94,40.35,2727000.0,108060000.0,39.45,1100,39.44,2100,39.43,100,39.4,200,39.38,3400,39.49,500,39.5,100,39.52,500,39.53,200,39.54,100,HOLD
1782179880588,09:57:57,39.45,40.35,40.36,38.94,40.35,2727100.0,108070000.0,39.46,1100,39.45,1200,39.44,1600,39.43,100,39.4,200,39.48,100,39.5,100,39.52,500,39.53,200,39.54,100,HOLD
1782179883587,09:58:00,39.48,40.35,40.36,38.94,40.35,2731300.0,108230000.0,39.47,100,39.46,800,39.44,1600,39.43,100,39.38,3400,39.52,500,39.53,200,39.54,100,39.55,600,39.57,4900,HOLD
1782179886589,09:58:03,39.52,40.35,40.36,38.94,40.35,2752600.0,109070000.0,39.52,500,39.5,400,39.47,3400,39.46,3500,39.45,19200,39.57,4900,39.58,1100,39.59,600,39.6,2900,39.64,400,HOLD
1782179889590,09:58:06,39.57,40.35,40.36,38.94,40.35,2758500.0,109310000.0,39.56,500,39.55,2700,39.54,100,39.53,3100,39.52,2600,39.58,200,39.59,600,39.6,2700,39.64,400,39.69,400,HOLD
1782179892591,09:58:09,39.59,40.35,40.36,38.94,40.35,2759400.0,109340000.0,39.59,500,39.58,6600,39.56,600,39.55,1100,39.54,100,39.6,2700,39.64,400,39.69,400,39.7,5500,39.71,700,HOLD
1782179895592,09:58:12,39.6,40.35,40.36,38.94,40.35,2762200.0,109450000.0,39.61,100,39.6,1500,39.59,600,39.58,6300,39.56,600,39.64,400,39.69,400,39.7,5500,39.71,700,39.72,500,HOLD
1782179898591,09:58:15,39.6,40.35,40.36,38.94,40.35,2762200.0,109450000.0,39.61,200,39.6,1200,39.59,600,39.58,1400,39.56,600,39.63,800,39.64,400,39.69,600,39.7,5500,39.71,700,HOLD
1782179901593,09:58:18,39.61,40.35,40.36,38.94,40.35,2762400.0,109460000.0,39.61,200,39.6,800,39.59,900,39.58,1400,39.56,200,39.63,800,39.64,400,39.69,600,39.7,5500,39.71,700,HOLD
1782179904599,09:58:21,39.63,40.35,40.36,38.94,40.35,2763500.0,109510000.0,39.63,3200,39.61,1200,39.6,400,39.59,900,39.58,1400,39.64,400,39.69,600,39.7,5500,39.71,700,39.72,500,HOLD
1782179907594,09:58:24,39.63,40.35,40.36,38.94,40.35,2767600.0,109670000.0,39.61,1300,39.6,400,39.59,900,39.58,1300,39.56,100,39.63,400,39.68,100,39.69,500,39.7,5500,39.71,700,HOLD
1782179910596,09:58:27,39.63,40.35,40.36,38.94,40.35,2768300.0,109700000.0,39.61,900,39.6,400,39.59,1000,39.58,700,39.55,500,39.63,100,39.68,100,39.69,500,39.7,5500,39.71,700,HOLD
1782179913597,09:58:30,39.63,40.35,40.36,38.94,40.35,2768600.0,109710000.0,39.64,1100,39.63,400,39.61,900,39.6,400,39.59,700,39.68,100,39.69,500,39.7,5500,39.71,700,39.72,500,HOLD
1782179916599,09:58:33,39.63,40.35,40.36,38.94,40.35,2770100.0,109770000.0,39.63,100,39.61,900,39.6,400,39.59,700,39.58,700,39.64,400,39.67,1000,39.68,100,39.69,500,39.7,5500,HOLD
1782179919600,09:58:36,39.63,40.35,40.36,38.94,40.35,2771100.0,109810000.0,39.61,700,39.6,400,39.59,700,39.58,700,39.55,500,39.62,100,39.63,1400,39.64,200,39.65,200,39.67,1000,HOLD
1782179922587,09:58:39,39.61,40.35,40.36,38.94,40.35,2771400.0,109820000.0,39.61,500,39.6,400,39.59,600,39.58,700,39.55,500,39.62,800,39.63,1400,39.64,200,39.65,200,39.67,1000,HOLD
1782179925588,09:58:42,39.61,40.35,40.36,38.94,40.35,2772000.0,109840000.0,39.61,1000,39.6,400,39.59,600,39.58,700,39.55,500,39.62,1300,39.63,900,39.64,200,39.65,200,39.67,1000,HOLD
1782179928589,09:58:45,39.61,40.35,40.36,38.94,40.35,2773700.0,109910000.0,39.6,400,39.59,600,39.58,700,39.55,500,39.54,100,39.61,500,39.62,600,39.63,900,39.65,200,39.67,1000,HOLD
1782179931591,09:58:48,39.6,40.35,40.36,38.94,40.35,2774800.0,109950000.0,39.6,900,39.59,600,39.58,700,39.55,500,39.54,100,39.61,500,39.62,100,39.63,1000,39.65,200,39.67,1000,HOLD
1782179937593,09:58:54,39.61,40.35,40.36,38.94,40.35,2775400.0,109980000.0,39.61,1300,39.6,1500,39.59,600,39.58,700,39.55,500,39.62,100,39.63,900,39.65,200,39.67,1000,39.68,100,HOLD
1782179940594,09:58:57,39.61,40.35,40.36,38.94,40.35,2777200.0,110050000.0,39.6,1500,39.59,600,39.58,700,39.55,500,39.54,100,39.61,100,39.63,600,39.65,200,39.67,1000,39.68,100,HOLD
1782179943595,09:59:00,39.65,40.35,40.36,38.94,40.35,2778200.0,110090000.0,39.63,600,39.61,100,39.6,1900,39.59,100,39.58,700,39.65,100,39.67,1000,39.68,100,39.69,1000,39.7,5500,HOLD
1782179946595,09:59:03,39.68,40.35,40.36,38.94,40.35,2784300.0,110330000.0,39.61,200,39.6,3400,39.59,100,39.58,800,39.55,500,39.69,1000,39.7,6400,39.71,700,39.72,700,39.75,3000,HOLD
1782179949599,09:59:06,39.68,40.35,40.36,38.94,40.35,2784800.0,110350000.0,39.62,900,39.61,200,39.6,3300,39.59,100,39.58,800,39.69,900,39.7,6400,39.71,700,39.72,700,39.75,3000,HOLD
1782179952599,09:59:09,39.69,40.35,40.36,38.94,40.35,2785000.0,110360000.0,39.64,100,39.63,700,39.62,1100,39.61,200,39.6,1800,39.67,3700,39.68,1000,39.69,900,39.7,6400,39.71,700,HOLD
1782179955601,09:59:12,39.67,40.35,40.36,38.94,40.35,2785100.0,110360000.0,39.64,500,39.63,600,39.62,2100,39.61,200,39.6,1500,39.67,3600,39.68,1000,39.69,900,39.7,6400,39.71,700,HOLD
1782179958601,09:59:15,39.68,40.35,40.36,38.94,40.35,2789200.0,110520000.0,39.67,400,39.65,200,39.64,400,39.63,600,39.62,2100,39.68,500,39.69,900,39.7,6400,39.71,700,39.72,700,HOLD
1782179961603,09:59:18,39.68,40.35,40.36,38.94,40.35,2789600.0,110540000.0,39.67,700,39.65,200,39.64,400,39.63,600,39.62,1300,39.68,200,39.69,900,39.7,6400,39.71,700,39.72,700,HOLD
1782179964607,09:59:21,39.67,40.35,40.36,38.94,40.35,2790600.0,110580000.0,39.65,200,39.64,900,39.63,500,39.62,1300,39.61,200,39.68,1400,39.69,800,39.7,6400,39.71,700,39.72,700,HOLD
1782179967604,09:59:24,39.65,40.35,40.36,38.94,40.35,2792600.0,110660000.0,39.64,800,39.63,500,39.62,300,39.61,200,39.6,2200,39.65,200,39.67,6800,39.68,1100,39.69,1800,39.7,6400,HOLD
1782179970606,09:59:27,39.64,40.35,40.36,38.94,40.35,2794400.0,110730000.0,39.63,600,39.62,300,39.61,200,39.6,2200,39.59,100,39.64,4700,39.65,200,39.67,6800,39.68,1100,39.69,1800,HOLD
1782179973607,09:59:30,39.64,40.35,40.36,38.94,40.35,2799700.0,110940000.0,39.64,7500,39.62,100,39.61,200,39.6,2200,39.59,100,39.65,200,39.67,6800,39.68,1100,39.69,1800,39.7,6600,HOLD
