local_time_ms,server_time,price,open,high,low,prev_close,cum_volume,cum_amount,bp1,bv1,bp2,bv2,bp3,bv3,bp4,bv4,bp5,bv5,sp1,sv1,sp2,sv2,sp3,sv3,sp4,sv4,sp5,sv5,signal
1781486700088,09:24:57,39.31,0.0,0.0,0.0,38.93,0.0,0.0,39.31,10300,0.0,200,0.0,0,0.0,0,0.0,0,39.31,10300,0.0,0,0.0,0,0.0,0,0.0,0,HOLD
1781486703083,09:25:00,39.34,39.34,39.34,39.34,38.93,11800.0,460000.0,39.31,300,39.18,2400,39.09,400,39.02,200,39.01,100,39.34,2100,39.35,100,39.38,1000,39.45,900,39.48,200,HOLD
1781486784303,09:26:21,39.34,39.34,39.34,39.34,38.93,11800.0,460000.0,39.31,300,39.18,2400,39.09,400,39.02,200,39.01,100,39.34,2100,39.35,100,39.38,1000,39.45,900,39.48,200,HOLD
1781486844493,09:27:21,39.34,39.34,39.34,39.34,38.93,11800.0,460000.0,39.31,300,39.18,2400,39.09,400,39.02,200,39.01,100,39.34,2100,39.35,100,39.38,1000,39.45,900,39.48,200,HOLD
1781486904673,09:28:21,39.34,39.34,39.34,39.34,38.93,11800.0,460000.0,39.31,300,39.18,2400,39.09,400,39.02,200,39.01,100,39.34,2100,39.35,100,39.38,1000,39.45,900,39.48,200,HOLD
1781486964855,09:29:21,39.34,39.34,39.34,39.34,38.93,11800.0,460000.0,39.31,300,39.18,2400,39.09,400,39.02,200,39.01,100,39.34,2100,39.35,100,39.38,1000,39.45,900,39.48,200,HOLD
1781487006968,09:30:03,39.44,39.34,39.49,39.18,38.93,45200.0,1780000.0,39.44,100,39.39,38800,39.38,12300,39.37,400,39.36,100,39.48,100,39.49,1400,39.5,8600,39.54,600,39.55,600,HOLD
1781487009982,09:30:06,39.5,39.34,39.6,39.18,38.93,69700.0,2750000.0,39.5,26500,39.49,10500,39.48,7100,39.46,100,39.45,200,39.55,800,39.58,300,39.6,4100,39.66,100,39.68,1300,HOLD
1781487012987,09:30:09,39.59,39.34,39.6,39.18,38.93,73600.0,2900000.0,39.59,22700,39.58,1200,39.57,200,39.56,800,39.55,14100,39.6,3200,39.66,100,39.68,1300,39.7,200,39.74,400,HOLD
1781487016000,09:30:12,39.68,39.34,39.68,39.18,38.93,79600.0,3140000.0,39.68,21700,39.66,11800,39.64,22700,39.63,400,39.62,1500,39.7,200,39.74,400,39.77,200,39.79,900,39.8,4700,HOLD
1781487019008,09:30:15,39.74,39.34,39.8,39.18,38.93,100700.0,3980000.0,39.77,100,39.74,7900,39.73,200,39.72,800,39.71,600,39.8,1100,39.81,200,39.82,2000,39.83,3300,39.84,1300,HOLD
1781487022022,09:30:18,39.72,39.34,39.82,39.18,38.93,117600.0,4650000.0,39.7,15800,39.69,700,39.68,300,39.67,100,39.66,100,39.72,600,39.74,3100,39.77,3400,39.8,200,39.82,1900,HOLD
1781487025028,09:30:21,39.66,39.34,39.82,39.18,38.93,160600.0,6360000.0,39.61,1500,39.6,16300,39.59,200,39.56,600,39.55,1500,39.66,6600,39.67,300,39.68,700,39.69,1000,39.7,2900,HOLD
1781487028027,09:30:24,39.61,39.34,39.82,39.18,38.93,169000.0,6690000.0,39.6,4100,39.59,100,39.56,600,39.55,5100,39.5,26600,39.61,200,39.64,700,39.65,4800,39.66,6600,39.67,200,HOLD
1781487031034,09:30:27,39.58,39.34,39.82,39.18,38.93,178700.0,7070000.0,39.55,4100,39.5,26900,39.49,900,39.48,500,39.4,5200,39.58,1200,39.6,12400,39.61,5500,39.65,3900,39.66,100,HOLD
1781487034049,09:30:30,39.5,39.34,39.82,39.18,38.93,189800.0,7510000.0,39.5,24900,39.49,900,39.48,500,39.4,4200,39.39,100,39.51,900,39.55,1200,39.58,200,39.6,14100,39.61,8200,HOLD
1781487037054,09:30:33,39.49,39.34,39.82,39.18,38.93,195500.0,7740000.0,39.49,1400,39.48,1600,39.4,4200,39.39,100,39.36,700,39.5,300,39.58,400,39.6,6200,39.61,2900,39.65,4700,HOLD
1781487040060,09:30:36,39.49,39.34,39.82,39.18,38.93,208800.0,8260000.0,39.48,800,39.4,300,39.39,100,39.36,700,39.35,3700,39.49,600,39.5,5000,39.58,400,39.6,4400,39.61,1300,HOLD
1781487043073,09:30:39,39.47,39.34,39.82,39.18,38.93,212200.0,8400000.0,39.39,400,39.36,700,39.35,3700,39.34,4000,39.32,700,39.47,1600,39.48,200,39.49,1600,39.5,6900,39.55,1000,HOLD
1781487046085,09:30:42,39.4,39.34,39.82,39.18,38.93,217500.0,8610000.0,39.39,400,39.36,700,39.35,3700,39.34,4000,39.32,700,39.49,1400,39.5,5800,39.55,3000,39.58,200,39.6,3400,HOLD
1781487049101,09:30:45,39.44,39.34,39.82,39.18,38.93,221200.0,8750000.0,39.44,2600,39.4,4700,39.39,400,39.36,700,39.35,3700,39.47,200,39.49,800,39.5,6400,39.55,3000,39.6,3400,HOLD
1781487052106,09:30:48,39.39,39.34,39.82,39.18,38.93,234400.0,9270000.0,39.36,700,39.35,3700,39.34,5100,39.32,700,39.31,300,39.39,3700,39.42,2600,39.47,200,39.5,4300,39.55,3000,HOLD
1781487055120,09:30:51,39.39,39.34,39.82,39.18,38.93,240900.0,9530000.0,39.39,22300,39.36,700,39.35,4100,39.34,5300,39.32,700,39.42,400,39.44,800,39.47,200,39.5,3500,39.55,3000,HOLD
1781487058127,09:30:54,39.42,39.34,39.82,39.18,38.93,248500.0,9830000.0,39.42,10500,39.41,400,39.4,1800,39.39,2500,39.36,800,39.44,200,39.47,100,39.48,1000,39.5,3500,39.55,3000,HOLD
1781487061129,09:30:57,39.44,39.34,39.82,39.18,38.93,252600.0,9990000.0,39.44,5600,39.43,300,39.42,9900,39.41,700,39.4,2200,39.48,900,39.5,3100,39.55,3000,39.6,400,39.61,1200,HOLD
1781487064140,09:31:00,39.48,39.34,39.82,39.18,38.93,254600.0,10070000.0,39.47,400,39.45,800,39.44,5600,39.43,300,39.42,3200,39.5,6800,39.55,3000,39.6,400,39.61,1200,39.65,800,HOLD
1781487067149,09:31:03,39.49,39.34,39.82,39.18,38.93,257700.0,10190000.0,39.48,1300,39.46,100,39.45,300,39.44,1000,39.43,300,39.49,500,39.5,5800,39.55,3000,39.6,400,39.61,1200,HOLD
1781487070162,09:31:06,39.48,39.34,39.82,39.18,38.93,262900.0,10400000.0,39.46,300,39.45,400,39.44,1000,39.43,300,39.42,2900,39.48,5800,39.49,700,39.5,5800,39.55,3000,39.6,400,HOLD
1781487073165,09:31:09,39.46,39.34,39.82,39.18,38.93,268200.0,10610000.0,39.45,400,39.44,900,39.43,500,39.42,2900,39.41,700,39.46,1200,39.47,200,39.48,7100,39.49,700,39.5,5800,HOLD
1781487076176,09:31:12,39.48,39.34,39.82,39.18,38.93,276900.0,10950000.0,39.44,700,39.43,500,39.42,2500,39.41,700,39.4,1500,39.45,1400,39.48,12700,39.49,1300,39.5,5800,39.55,3000,HOLD
1781487079184,09:31:15,39.45,39.34,39.82,39.18,38.93,285200.0,11280000.0,39.42,2100,39.41,700,39.4,1500,39.39,3700,39.36,1000,39.45,9500,39.48,11700,39.49,800,39.5,5800,39.55,3000,HOLD
1781487082195,09:31:18,39.43,39.34,39.82,39.18,38.93,292100.0,11550000.0,39.42,100,39.4,2800,39.39,1900,39.36,1000,39.35,3600,39.44,900,39.45,11300,39.47,3300,39.48,11700,39.49,800,HOLD
1781487085201,09:31:21,39.4,39.34,39.82,39.18,38.93,297500.0,11760000.0,39.4,800,39.39,2100,39.36,1000,39.35,3600,39.34,4200,39.41,400,39.42,200,39.43,300,39.45,12200,39.47,3300,HOLD
1781487088199,09:31:24,39.42,39.34,39.82,39.18,38.93,301000.0,11900000.0,39.41,1200,39.4,1600,39.39,2600,39.36,1600,39.35,4100,39.42,100,39.44,200,39.45,14400,39.48,12100,39.49,800,HOLD
1781487091206,09:31:27,39.45,39.34,39.82,39.18,38.93,317600.0,12550000.0,39.45,7300,39.44,1200,39.43,200,39.42,10100,39.41,2700,39.48,11100,39.49,800,39.5,5500,39.54,100,39.55,3000,HOLD
1781487094217,09:31:30,39.5,39.34,39.82,39.18,38.93,337700.0,13350000.0,39.5,2900,39.49,1200,39.48,2400,39.47,700,39.46,1700,39.54,100,39.55,3000,39.6,300,39.61,1200,39.65,900,HOLD
1781487097218,09:31:33,39.49,39.34,39.82,39.18,38.93,348200.0,13760000.0,39.49,400,39.48,2300,39.47,600,39.46,1300,39.45,900,39.5,3400,39.55,1700,39.6,300,39.61,1200,39.65,900,HOLD
1781487100226,09:31:39,39.5,39.34,39.82,39.18,38.93,357600.0,14130000.0,39.52,100,39.5,600,39.49,200,39.48,500,39.47,1900,39.55,900,39.6,600,39.61,1200,39.65,900,39.68,100,HOLD
1781487106239,09:31:42,39.55,39.34,39.82,39.18,38.93,358200.0,14160000.0,39.53,100,39.5,200,39.49,300,39.48,500,39.47,1900,39.55,700,39.6,600,39.61,1200,39.65,900,39.68,100,HOLD
1781487109243,09:31:45,39.55,39.34,39.82,39.18,38.93,359900.0,14220000.0,39.55,200,39.53,200,39.52,700,39.51,200,39.5,800,39.6,600,39.61,1200,39.65,900,39.68,100,39.7,1200,HOLD
1781487112257,09:31:48,39.55,39.34,39.82,39.18,38.93,360200.0,14240000.0,39.55,100,39.53,300,39.51,1100,39.5,800,39.49,200,39.57,300,39.6,600,39.61,1200,39.65,900,39.68,100,HOLD
1781487115273,09:31:51,39.77,39.34,39.82,39.18,38.93,382800.0,15130000.0,39.72,100,39.7,100,39.69,1300,39.6,600,39.57,300,39.77,400,39.8,7000,39.82,3200,39.84,1200,39.86,1600,HOLD
1781487118277,09:31:54,39.79,39.34,39.82,39.18,38.93,384100.0,15180000.0,39.79,100,39.75,3000,39.74,100,39.73,2200,39.72,300,39.8,6300,39.82,3200,39.84,1200,39.86,1600,39.88,400,HOLD
1781487121284,09:31:57,39.83,39.34,39.93,39.18,38.93,432100.0,17100000.0,39.82,3700,39.81,1300,39.8,7300,39.79,600,39.75,3000,39.89,200,39.9,100,39.91,21600,39.93,200,39.95,1300,HOLD
1781487124290,09:32:00,39.91,39.34,39.98,39.18,38.93,459700.0,18200000.0,39.92,1000,39.91,1400,39.9,2600,39.89,400,39.88,200,39.98,500,39.99,3900,40.0,24300,40.01,800,40.05,100,HOLD
1781487127301,09:32:03,39.99,39.34,39.99,39.18,38.93,463600.0,18360000.0,39.98,3100,39.93,2100,39.92,800,39.91,700,39.9,2600,39.99,2200,40.0,24000,40.01,800,40.05,100,40.06,1000,HOLD
1781487130316,09:32:06,39.94,39.34,40.0,39.18,38.93,475500.0,18830000.0,39.99,800,39.98,2500,39.94,200,39.93,2100,39.92,800,40.0,18900,40.01,800,40.05,100,40.06,1000,40.08,2500,HOLD
1781487133326,09:32:09,39.99,39.34,40.08,39.18,38.93,499100.0,19780000.0,39.99,3700,39.98,3200,39.94,200,39.93,1700,39.92,800,40.03,5600,40.06,100,40.08,2100,40.09,2700,40.1,7100,HOLD
1781487136333,09:32:12,39.99,39.34,40.08,39.18,38.93,516600.0,20480000.0,39.99,600,39.98,3200,39.97,2700,39.94,300,39.93,500,40.04,700,40.05,2000,40.06,1200,40.07,1300,40.08,2000,HOLD
1781487139343,09:32:18,39.97,39.34,40.08,39.18,38.93,530600.0,21040000.0,39.97,800,39.94,1300,39.93,500,39.92,800,39.9,2600,39.98,800,39.99,2000,40.0,300,40.05,700,40.08,2000,HOLD
1781487145367,09:32:24,39.98,39.34,40.08,39.18,38.93,538500.0,21350000.0,39.96,600,39.95,200,39.94,2600,39.93,600,39.92,800,39.98,400,39.99,11700,40.0,2000,40.04,1000,40.05,700,HOLD
1781487151383,09:32:27,39.98,39.34,40.08,39.18,38.93,540400.0,21430000.0,39.98,700,39.97,200,39.96,100,39.95,1500,39.94,2600,39.99,12600,40.0,2300,40.04,1000,40.05,700,40.07,100,HOLD
1781487154396,09:32:30,39.98,39.34,40.08,39.18,38.93,557500.0,22110000.0,39.98,600,39.97,1400,39.96,100,39.95,2100,39.94,2600,39.99,3100,40.0,2600,40.04,1000,40.05,1200,40.07,100,HOLD
1781487157402,09:32:33,40.0,39.34,40.08,39.18,38.93,572900.0,22730000.0,40.0,3800,39.99,6900,39.98,1800,39.97,200,39.96,1400,40.08,3100,40.09,2700,40.1,7900,40.11,100,40.12,200,HOLD
1781487160403,09:32:36,40.01,39.34,40.08,39.18,38.93,575200.0,22820000.0,40.01,200,40.0,3200,39.99,6200,39.98,2200,39.97,200,40.06,1600,40.08,3100,40.09,2700,40.1,7900,40.11,100,HOLD
1781487163415,09:32:39,40.0,39.34,40.08,39.18,38.93,577700.0,22920000.0,40.0,1400,39.99,3900,39.98,2200,39.97,200,39.96,1400,40.07,1200,40.08,4100,40.09,2800,40.1,8000,40.11,100,HOLD
1781487166415,09:32:42,40.01,39.34,40.08,39.18,38.93,583500.0,23150000.0,40.0,1100,39.99,4400,39.98,2200,39.97,200,39.96,1400,40.01,200,40.07,300,40.08,4900,40.09,2800,40.1,8300,HOLD
1781487169429,09:32:48,40.01,39.34,40.08,39.18,38.93,605000.0,24010000.0,40.01,200,40.0,1300,39.99,2800,39.98,1500,39.97,200,40.05,2500,40.07,3300,40.08,5500,40.09,2800,40.1,8300,HOLD
1781487175440,09:32:51,39.99,39.34,40.08,39.18,38.93,608100.0,24140000.0,39.99,1900,39.98,900,39.97,200,39.96,1400,39.95,2000,40.0,1200,40.01,1000,40.02,600,40.05,2300,40.07,3700,HOLD
1781487178451,09:32:54,40.05,39.34,40.08,39.18,38.93,612200.0,24300000.0,40.01,200,40.0,2500,39.99,2600,39.98,900,39.97,200,40.05,3300,40.07,3700,40.08,5600,40.09,2800,40.1,8300,HOLD
1781487181456,09:32:57,40.04,39.34,40.08,39.18,38.93,613700.0,24360000.0,40.04,200,40.01,900,40.0,3000,39.99,2400,39.98,900,40.05,4000,40.07,3800,40.08,5800,40.09,2800,40.1,8300,HOLD
1781487184461,09:33:00,40.05,39.34,40.08,39.18,38.93,622200.0,24700000.0,39.99,500,39.98,900,39.97,100,39.95,1100,39.94,1700,40.05,3900,40.06,100,40.07,5800,40.08,5800,40.09,2800,HOLD
1781487187467,09:33:03,40.02,39.34,40.08,39.18,38.93,627800.0,24930000.0,39.99,2400,39.98,2200,39.97,100,39.96,200,39.95,1100,40.02,700,40.04,1400,40.05,4100,40.06,100,40.07,5800,HOLD
1781487190479,09:33:06,40.01,39.34,40.08,39.18,38.93,634700.0,25200000.0,40.02,100,40.01,1500,39.99,11100,39.98,4000,39.97,100,40.05,5500,40.06,100,40.07,5800,40.08,7000,40.09,2800,HOLD
1781487193494,09:33:09,40.0,39.34,40.08,39.18,38.93,655400.0,26030000.0,39.99,2600,39.98,8200,39.97,5400,39.96,200,39.95,1100,40.0,500,40.02,1000,40.07,5800,40.08,7100,40.09,2800,HOLD
1781487196504,09:33:12,40.02,39.34,40.08,39.18,38.93,659500.0,26200000.0,40.02,200,40.01,4600,40.0,7600,39.99,4400,39.98,8200,40.04,400,40.05,3100,40.06,3000,40.07,5800,40.08,7100,HOLD
1781487199508,09:33:15,40.02,39.34,40.08,39.18,38.93,664700.0,26400000.0,40.01,2000,40.0,7900,39.99,4000,39.98,8200,39.97,5400,40.02,300,40.05,3100,40.06,3000,40.07,6100,40.08,7100,HOLD
1781487202533,09:33:18,40.01,39.34,40.08,39.18,38.93,671800.0,26690000.0,40.0,8600,39.99,2500,39.98,7100,39.97,5400,39.96,900,40.02,4900,40.04,4500,40.05,3300,40.06,3000,40.07,6100,HOLD
1781487205526,09:33:21,40.01,39.34,40.08,39.18,38.93,679300.0,26990000.0,40.0,1300,39.99,2500,39.98,7100,39.97,5400,39.96,900,40.01,900,40.02,4500,40.04,4600,40.05,7000,40.06,3000,HOLD
1781487208530,09:33:27,40.01,39.34,40.08,39.18,38.93,693700.0,27560000.0,40.0,900,39.99,2700,39.98,7200,39.97,5400,39.96,900,40.01,1500,40.02,5300,40.04,6900,40.05,7200,40.06,3500,HOLD
1781487211533,09:33:30,40.0,39.34,40.08,39.18,38.93,700200.0,27820000.0,40.0,2800,39.99,3100,39.98,7300,39.97,5300,39.96,900,40.01,1100,40.02,6500,40.04,6900,40.05,7000,40.06,5500,HOLD
1781487217555,09:33:33,39.95,39.34,40.08,39.18,38.93,722200.0,28700000.0,39.93,100,39.92,600,39.9,2400,39.89,2100,39.8,800,39.95,300,39.96,200,39.97,200,39.98,4200,39.99,800,HOLD
1781487220566,09:33:36,39.95,39.34,40.08,39.18,38.93,724600.0,28800000.0,39.93,300,39.92,900,39.9,2600,39.89,2100,39.8,800,39.95,1700,39.97,2500,39.98,3600,39.99,700,40.0,8600,HOLD
1781487223581,09:33:39,39.93,39.34,40.08,39.18,38.93,725500.0,28840000.0,39.93,500,39.92,1100,39.9,2600,39.89,2100,39.8,800,39.95,1200,39.97,2500,39.98,1400,39.99,700,40.0,13500,HOLD
1781487226585,09:33:42,39.93,39.34,40.08,39.18,38.93,728700.0,28960000.0,39.92,4900,39.9,2600,39.89,2100,39.8,800,39.77,2200,39.93,200,39.95,100,39.98,1400,39.99,700,40.0,12800,HOLD
1781487229600,09:33:45,39.89,39.34,40.08,39.18,38.93,740600.0,29440000.0,39.8,800,39.77,2200,39.72,100,39.57,300,39.5,1600,39.91,900,39.92,3000,39.93,12900,39.94,100,39.95,300,HOLD
1781487232602,09:33:48,39.91,39.34,40.08,39.18,38.93,741800.0,29490000.0,39.8,900,39.77,2300,39.72,200,39.57,300,39.5,1600,39.91,3000,39.92,4000,39.93,14200,39.94,100,39.95,300,HOLD
1781487235613,09:33:51,39.8,39.34,40.08,39.18,38.93,744600.0,29600000.0,39.79,1400,39.77,1900,39.72,600,39.57,300,39.5,1600,39.88,300,39.89,1300,39.9,300,39.91,800,39.92,2000,HOLD
1781487238626,09:33:57,39.79,39.34,40.08,39.18,38.93,754400.0,29990000.0,39.78,400,39.77,1600,39.72,600,39.57,300,39.5,1800,39.79,2300,39.8,100,39.87,500,39.88,200,39.89,1100,HOLD
1781487244642,09:34:00,39.79,39.34,40.08,39.18,38.93,759400.0,30190000.0,39.79,600,39.78,600,39.77,2100,39.72,600,39.57,300,39.87,500,39.89,1100,39.9,100,39.91,1800,39.92,2000,HOLD
1781487247655,09:34:03,39.79,39.34,40.08,39.18,38.93,762200.0,30300000.0,39.79,100,39.78,200,39.77,2100,39.72,600,39.57,300,39.87,2900,39.88,500,39.89,1100,39.9,100,39.91,1800,HOLD
1781487250668,09:34:06,39.79,39.34,40.08,39.18,38.93,766900.0,30490000.0,39.79,600,39.77,1900,39.72,600,39.57,300,39.5,1800,39.85,800,39.86,200,39.88,100,39.89,1100,39.9,100,HOLD
1781487253673,09:34:09,39.79,39.34,40.08,39.18,38.93,771700.0,30680000.0,39.79,400,39.77,1400,39.72,600,39.57,300,39.5,1800,39.85,500,39.86,200,39.87,100,39.88,100,39.89,1100,HOLD
1781487256680,09:34:12,39.8,39.34,40.08,39.18,38.93,772200.0,30700000.0,39.79,1400,39.77,1300,39.75,100,39.72,600,39.57,300,39.8,200,39.84,100,39.86,200,39.87,100,39.88,100,HOLD
1781487259686,09:34:15,39.79,39.34,40.08,39.18,38.93,775100.0,30810000.0,39.8,300,39.79,300,39.77,1300,39.75,100,39.72,600,39.84,400,39.87,100,39.88,100,39.89,1100,39.91,1800,HOLD
1781487262698,09:34:18,39.79,39.34,40.08,39.18,38.93,781900.0,31080000.0,39.79,300,39.77,1200,39.75,100,39.72,600,39.57,300,39.81,400,39.82,100,39.83,3000,39.84,300,39.87,100,HOLD
1781487265717,09:34:21,39.8,39.34,40.08,39.18,38.93,785000.0,31210000.0,39.79,4700,39.77,1200,39.75,200,39.72,600,39.71,1300,39.8,7900,39.84,300,39.88,100,39.89,1100,39.91,1300,HOLD
1781487268728,09:34:24,39.8,39.34,40.08,39.18,38.93,799400.0,31780000.0,39.8,300,39.79,700,39.77,1300,39.75,100,39.72,600,39.82,100,39.83,2600,39.84,300,39.88,100,39.89,1100,HOLD
1781487271739,09:34:30,39.78,39.34,40.08,39.18,38.93,805200.0,32010000.0,39.78,600,39.77,400,39.76,100,39.75,100,39.72,600,39.79,100,39.8,400,39.84,300,39.88,100,39.89,1100,HOLD
1781487277754,09:34:33,39.78,39.34,40.08,39.18,38.93,810000.0,32200000.0,39.78,1500,39.77,500,39.76,100,39.75,100,39.72,600,39.8,300,39.81,700,39.84,300,39.85,200,39.88,100,HOLD
1781487280766,09:34:36,39.78,39.34,40.08,39.18,38.93,812900.0,32320000.0,39.78,400,39.77,600,39.76,100,39.75,100,39.72,600,39.79,600,39.8,500,39.84,300,39.85,200,39.88,100,HOLD
1781487283776,09:34:39,39.78,39.34,40.08,39.18,38.93,830500.0,33020000.0,39.78,4800,39.77,2800,39.76,100,39.75,100,39.72,600,39.8,200,39.82,900,39.84,300,39.85,200,39.88,100,HOLD
1781487286789,09:34:42,39.77,39.34,40.08,39.18,38.93,838400.0,33330000.0,39.77,300,39.76,100,39.75,100,39.72,600,39.71,1300,39.78,2400,39.81,100,39.82,900,39.84,1000,39.85,200,HOLD
1781487289802,09:34:48,39.76,39.34,40.08,39.18,38.93,844000.0,33550000.0,39.72,500,39.71,1400,39.65,200,39.6,1000,39.57,200,39.77,20000,39.78,6600,39.8,300,39.82,1200,39.84,1000,HOLD
1781487295809,09:34:51,39.71,39.34,40.08,39.18,38.93,848400.0,33730000.0,39.71,1300,39.69,1400,39.65,200,39.6,1000,39.57,200,39.72,200,39.76,100,39.77,19500,39.78,7500,39.8,300,HOLD
1781487298825,09:34:54,39.72,39.34,40.08,39.18,38.93,850700.0,33820000.0,39.76,100,39.72,200,39.69,3000,39.65,300,39.6,1100,39.77,20000,39.78,16500,39.8,300,39.82,1200,39.84,1000,HOLD
1781487301846,09:34:57,39.6,39.34,40.08,39.18,38.93,855800.0,34020000.0,39.65,200,39.6,700,39.57,200,39.5,4700,39.49,100,39.71,300,39.72,600,39.75,400,39.76,1700,39.77,20500,HOLD
1781487304841,09:35:00,39.66,39.34,40.08,39.18,38.93,857600.0,34090000.0,39.66,3000,39.65,200,39.6,700,39.57,200,39.5,4700,39.72,300,39.76,1700,39.77,20500,39.78,16500,39.79,1100,HOLD
1781487307857,09:35:06,39.68,39.34,40.08,39.18,38.93,871800.0,34660000.0,39.68,200,39.67,200,39.66,200,39.65,200,39.6,700,39.73,1200,39.76,100,39.77,19000,39.78,7500,39.8,1700,HOLD
1781487313875,09:35:09,39.67,39.34,40.08,39.18,38.93,875600.0,34810000.0,39.61,200,39.6,700,39.57,200,39.5,4700,39.49,100,39.66,300,39.67,1000,39.72,900,39.73,100,39.74,200,HOLD
1781487316892,09:35:12,39.67,39.34,40.08,39.18,38.93,876700.0,34850000.0,39.6,300,39.58,100,39.57,200,39.5,4700,39.49,100,39.61,200,39.67,800,39.68,200,39.72,900,39.73,10100,HOLD
1781487319900,09:35:18,39.61,39.34,40.08,39.18,38.93,882200.0,35070000.0,39.57,200,39.5,4700,39.49,100,39.47,100,39.45,3200,39.61,600,39.67,1600,39.68,1800,39.72,1100,39.73,10600,HOLD
1781487322909,09:35:21,39.6,39.34,40.08,39.18,38.93,883800.0,35130000.0,39.58,400,39.55,100,39.52,200,39.51,300,39.5,3900,39.6,600,39.61,1000,39.67,1500,39.68,1800,39.72,1100,HOLD
1781487328929,09:35:27,39.58,39.34,40.08,39.18,38.93,888000.0,35300000.0,39.57,300,39.55,100,39.51,300,39.5,3900,39.49,100,39.58,2800,39.61,900,39.67,800,39.68,1800,39.72,900,HOLD
1781487331930,09:35:30,39.55,39.34,40.08,39.18,38.93,892900.0,35490000.0,39.55,400,39.52,700,39.51,600,39.5,3900,39.49,100,39.58,800,39.6,600,39.61,500,39.68,1800,39.72,700,HOLD
1781487337955,09:35:33,39.56,39.34,40.08,39.18,38.93,896600.0,35640000.0,39.55,3900,39.52,700,39.51,600,39.5,3900,39.49,100,39.57,700,39.58,1200,39.6,700,39.61,500,39.68,1800,HOLD
1781487340967,09:35:39,39.52,39.34,40.08,39.18,38.93,920200.0,36570000.0,39.52,600,39.51,600,39.5,3900,39.49,100,39.47,100,39.55,500,39.56,100,39.58,100,39.63,700,39.67,200,HOLD
1781487346991,09:35:42,39.49,39.34,40.08,39.18,38.93,926200.0,36810000.0,39.47,100,39.46,1000,39.45,3200,39.42,300,39.41,1300,39.5,600,39.51,200,39.52,400,39.54,200,39.55,9400,HOLD
1781487350005,09:35:45,39.48,39.34,40.08,39.18,38.93,926400.0,36820000.0,39.46,1000,39.45,3200,39.42,300,39.41,1600,39.4,1600,39.48,200,39.5,700,39.51,100,39.52,600,39.54,200,HOLD
1781487353010,09:35:51,39.42,39.34,40.08,39.18,38.93,932000.0,37040000.0,39.41,1600,39.4,1600,39.39,1500,39.35,4000,39.34,900,39.42,400,39.47,1000,39.48,200,39.51,100,39.52,200,HOLD
1781487356021,09:35:54,39.42,39.34,40.08,39.18,38.93,935800.0,37190000.0,39.4,300,39.39,1500,39.35,4000,39.34,900,39.31,800,39.42,1200,39.5,1100,39.51,100,39.52,200,39.55,8800,HOLD
1781487362044,09:35:57,39.41,39.34,40.08,39.18,38.93,937000.0,37240000.0,39.4,200,39.39,1500,39.35,4000,39.34,900,39.31,800,39.41,300,39.42,14500,39.5,1100,39.51,100,39.52,100,HOLD
1781487365056,09:36:00,39.42,39.34,40.08,39.18,38.93,938700.0,37300000.0,39.39,2100,39.35,4000,39.34,900,39.31,800,39.3,2200,39.4,1600,39.41,800,39.42,14600,39.5,1100,39.51,100,HOLD
1781487368070,09:36:06,39.4,39.34,40.08,39.18,38.93,943300.0,37480000.0,39.39,800,39.38,1000,39.35,4000,39.34,900,39.32,200,39.4,4000,39.41,800,39.42,16400,39.5,2200,39.51,100,HOLD
1781487374084,09:36:09,39.38,39.34,40.08,39.18,38.93,949700.0,37740000.0,39.37,2100,39.35,4000,39.34,900,39.32,200,39.31,1100,39.39,25600,39.4,100,39.41,200,39.42,17400,39.47,300,HOLD
1781487377091,09:36:12,39.38,39.34,40.08,39.18,38.93,951200.0,37800000.0,39.38,800,39.37,2100,39.35,5000,39.34,900,39.32,200,39.39,29000,39.4,1500,39.41,200,39.42,17400,39.47,300,HOLD
1781487380096,09:36:18,39.42,39.34,40.08,39.18,38.93,1006100.0,39960000.0,39.39,35700,39.38,1000,39.37,1900,39.36,400,39.35,5000,39.42,3100,39.5,3300,39.51,100,39.55,8500,39.58,100,HOLD
1781487383107,09:36:21,39.39,39.34,40.08,39.18,38.93,1036800.0,41170000.0,39.39,20400,39.38,600,39.37,1900,39.36,400,39.35,5000,39.45,400,39.5,500,39.51,100,39.55,8500,39.58,100,HOLD
1781487389132,09:36:24,39.43,39.34,40.08,39.18,38.93,1037100.0,41180000.0,39.43,100,39.42,1400,39.41,100,39.4,100,39.39,21100,39.5,500,39.55,8500,39.58,100,39.65,4000,39.68,1800,HOLD
1781487392131,09:36:27,39.43,39.34,40.08,39.18,38.93,1037100.0,41180000.0,39.44,800,39.43,100,39.42,2000,39.41,100,39.4,400,39.5,500,39.55,8500,39.58,100,39.65,4000,39.68,1800,HOLD
1781487395133,09:36:30,39.5,39.34,40.08,39.18,38.93,1045200.0,41500000.0,39.45,400,39.44,1600,39.43,2800,39.42,2500,39.41,1600,39.5,200,39.52,900,39.55,5500,39.58,100,39.65,4000,HOLD
1781487398148,09:36:36,39.48,39.34,40.08,39.18,38.93,1050900.0,41730000.0,39.47,2100,39.46,1700,39.45,6600,39.44,1200,39.43,2000,39.48,2000,39.54,11800,39.55,5200,39.58,100,39.65,4000,HOLD
1781487401153,09:36:39,39.43,39.34,40.08,39.18,38.93,1065100.0,42290000.0,39.43,300,39.42,2100,39.41,200,39.4,500,39.39,3100,39.46,300,39.5,500,39.54,11800,39.55,5200,39.58,100,HOLD
1781487404165,09:36:42,39.46,39.34,40.08,39.18,38.93,1068000.0,42400000.0,39.46,1200,39.43,300,39.42,2100,39.41,200,39.4,500,39.48,700,39.51,100,39.52,100,39.53,2500,39.54,11800,HOLD
1781487407168,09:36:45,39.48,39.34,40.08,39.18,38.93,1070300.0,42490000.0,39.48,1000,39.46,200,39.45,100,39.43,1400,39.42,2200,39.5,1000,39.51,100,39.52,100,39.53,2500,39.54,11800,HOLD
1781487413196,09:36:48,39.5,39.34,40.08,39.18,38.93,1071400.0,42530000.0,39.49,100,39.48,2300,39.46,10500,39.45,200,39.43,3700,39.5,400,39.51,100,39.52,100,39.53,1600,39.54,11800,HOLD
1781487416200,09:36:51,39.52,39.34,40.08,39.18,38.93,1073600.0,42620000.0,39.51,200,39.5,3200,39.49,100,39.48,1900,39.46,10500,39.53,1600,39.54,11800,39.55,5200,39.58,100,39.65,3200,HOLD
1781487419212,09:36:57,39.54,39.34,40.08,39.18,38.93,1080000.0,42870000.0,39.5,3400,39.49,100,39.48,900,39.47,100,39.46,13900,39.54,8700,39.55,5200,39.58,100,39.65,3200,39.68,300,HOLD
1781487425235,09:37:03,39.54,39.34,40.08,39.18,38.93,1085300.0,43080000.0,39.51,100,39.5,4700,39.49,300,39.48,900,39.47,100,39.54,3600,39.55,5200,39.58,100,39.65,3200,39.68,300,HOLD
1781487431264,09:37:06,39.5,39.34,40.08,39.18,38.93,1089700.0,43260000.0,39.5,3100,39.49,300,39.48,300,39.47,100,39.46,13900,39.51,700,39.52,500,39.53,100,39.54,500,39.55,5200,HOLD
1781487434269,09:37:12,39.51,39.34,40.08,39.18,38.93,1092300.0,43360000.0,39.5,700,39.49,300,39.48,600,39.47,100,39.46,13900,39.51,400,39.53,100,39.54,1100,39.55,5200,39.58,100,HOLD
1781487440297,09:37:18,39.53,39.34,40.08,39.18,38.93,1093500.0,43410000.0,39.53,300,39.51,500,39.5,1000,39.49,300,39.48,600,39.54,4600,39.55,5200,39.58,100,39.65,3200,39.68,300,HOLD
1781487446309,09:37:21,39.51,39.34,40.08,39.18,38.93,1096000.0,43510000.0,39.5,1100,39.49,300,39.48,600,39.47,100,39.46,13900,39.51,1300,39.54,3000,39.55,5200,39.58,100,39.59,900,HOLD
1781487449321,09:37:24,39.51,39.34,40.08,39.18,38.93,1097300.0,43560000.0,39.51,2000,39.5,3700,39.49,300,39.48,600,39.47,100,39.53,4100,39.54,3000,39.55,5200,39.58,100,39.59,900,HOLD
1781487452318,09:37:27,39.53,39.34,40.08,39.18,38.93,1102600.0,43770000.0,39.53,800,39.52,1700,39.51,1900,39.5,3200,39.49,300,39.54,1900,39.55,5200,39.58,100,39.59,900,39.65,3200,HOLD
1781487455321,09:37:30,39.54,39.34,40.08,39.18,38.93,1120300.0,44470000.0,39.53,200,39.51,2300,39.5,3500,39.49,300,39.48,600,39.54,1600,39.55,5200,39.58,100,39.59,900,39.65,3200,HOLD
1781487458332,09:37:36,39.59,39.34,40.08,39.18,38.93,1133300.0,44980000.0,39.55,100,39.54,900,39.53,1100,39.51,2100,39.5,3600,39.59,700,39.65,3200,39.68,300,39.72,800,39.73,10000,HOLD
1781487464358,09:37:39,39.65,39.34,40.08,39.18,38.93,1136300.0,45100000.0,39.56,400,39.55,2600,39.54,900,39.53,1100,39.51,1500,39.65,2800,39.68,300,39.72,800,39.73,10000,39.77,17400,HOLD
1781487467364,09:37:45,39.65,39.34,40.08,39.18,38.93,1136600.0,45110000.0,39.58,200,39.57,1900,39.56,1300,39.55,2900,39.54,800,39.65,2500,39.68,300,39.72,800,39.73,10000,39.77,17400,HOLD
1781487470376,09:37:48,39.65,39.34,40.08,39.18,38.93,1139300.0,45220000.0,39.59,1200,39.58,300,39.57,400,39.56,1300,39.55,2900,39.65,1700,39.66,100,39.68,300,39.72,800,39.73,10000,HOLD
1781487473389,09:37:51,39.65,39.34,40.08,39.18,38.93,1139700.0,45230000.0,39.6,800,39.59,1200,39.58,600,39.57,400,39.56,1300,39.65,1300,39.66,100,39.68,300,39.72,800,39.73,10000,HOLD
1781487479399,09:37:54,39.65,39.34,40.08,39.18,38.93,1140000.0,45250000.0,39.6,1500,39.59,1600,39.58,600,39.57,400,39.56,1300,39.65,1200,39.66,100,39.68,300,39.72,800,39.73,10000,HOLD
1781487482409,09:37:57,39.65,39.34,40.08,39.18,38.93,1140700.0,45270000.0,39.6,1400,39.59,1600,39.58,600,39.57,400,39.56,1300,39.63,200,39.64,200,39.65,1300,39.66,100,39.68,300,HOLD
1781487485414,09:38:00,39.62,39.34,40.08,39.18,38.93,1140800.0,45280000.0,39.6,1400,39.59,1600,39.58,600,39.57,400,39.56,1300,39.62,100,39.63,1100,39.64,200,39.65,1300,39.66,100,HOLD
1781487488422,09:38:03,39.59,39.34,40.08,39.18,38.93,1143600.0,45390000.0,39.59,200,39.58,600,39.57,400,39.56,1300,39.55,2200,39.6,1300,39.62,100,39.63,1100,39.64,200,39.65,1300,HOLD
1781487491428,09:38:09,39.65,39.34,40.08,39.18,38.93,1145700.0,45470000.0,39.64,1000,39.63,900,39.62,1900,39.6,3500,39.59,300,39.65,1000,39.68,400,39.7,100,39.71,700,39.72,800,HOLD
1781487494429,09:38:12,39.65,39.34,40.08,39.18,38.93,1146900.0,45520000.0,39.64,500,39.63,1000,39.62,900,39.6,1900,39.59,300,39.65,400,39.68,400,39.7,100,39.71,700,39.72,800,HOLD
1781487497440,09:38:15,39.63,39.34,40.08,39.18,38.93,1147200.0,45530000.0,39.63,800,39.62,900,39.6,1600,39.59,300,39.58,600,39.65,400,39.68,400,39.7,100,39.71,700,39.72,800,HOLD
1781487500455,09:38:18,39.62,39.34,40.08,39.18,38.93,1151500.0,45700000.0,39.62,800,39.6,1600,39.59,300,39.58,600,39.57,400,39.63,1200,39.64,200,39.65,100,39.68,200,39.7,100,HOLD
1781487503462,09:38:21,39.62,39.34,40.08,39.18,38.93,1154500.0,45820000.0,39.62,100,39.6,1300,39.59,300,39.58,600,39.57,400,39.66,500,39.67,1300,39.7,300,39.71,700,39.72,1800,HOLD
1781487509494,09:38:27,39.59,39.34,40.08,39.18,38.93,1160100.0,46040000.0,39.56,1300,39.55,800,39.54,300,39.53,100,39.51,500,39.59,100,39.6,600,39.61,600,39.62,6100,39.63,2300,HOLD
1781487512493,09:38:30,39.63,39.34,40.08,39.18,38.93,1171300.0,46490000.0,39.63,2100,39.62,600,39.61,100,39.6,100,39.59,100,39.7,300,39.71,700,39.72,1800,39.73,10000,39.77,17400,HOLD
1781487515504,09:38:33,39.62,39.34,40.08,39.18,38.93,1175600.0,46660000.0,39.61,200,39.6,100,39.59,2100,39.56,1300,39.55,800,39.62,300,39.65,3200,39.66,100,39.68,300,39.7,300,HOLD
1781487518511,09:38:36,39.64,39.34,40.08,39.18,38.93,1176500.0,46690000.0,39.62,2800,39.61,700,39.6,100,39.59,3100,39.56,1300,39.63,100,39.64,100,39.65,3200,39.66,100,39.68,300,HOLD
1781487521526,09:38:39,39.59,39.34,40.08,39.18,38.93,1185100.0,47030000.0,39.56,1300,39.55,800,39.54,300,39.53,100,39.51,300,39.6,400,39.61,300,39.62,500,39.65,3200,39.66,300,HOLD
1781487524535,09:38:42,39.56,39.34,40.08,39.18,38.93,1186700.0,47100000.0,39.55,500,39.54,300,39.53,100,39.52,400,39.51,300,39.58,400,39.59,300,39.6,600,39.62,500,39.65,3200,HOLD
1781487530549,09:38:48,39.55,39.34,40.08,39.18,38.93,1191000.0,47270000.0,39.54,300,39.53,100,39.52,400,39.51,500,39.5,1000,39.55,600,39.56,400,39.62,500,39.63,200,39.65,3600,HOLD
1781487533562,09:38:51,39.55,39.34,40.08,39.18,38.93,1192700.0,47330000.0,39.55,100,39.52,400,39.51,500,39.5,1000,39.49,300,39.56,400,39.58,200,39.62,500,39.63,200,39.65,3600,HOLD
1781487539593,09:38:54,39.55,39.34,40.08,39.18,38.93,1193100.0,47350000.0,39.55,500,39.52,400,39.51,500,39.5,1000,39.49,300,39.56,300,39.58,300,39.62,500,39.63,200,39.65,3600,HOLD
1781487542605,09:38:57,39.55,39.34,40.08,39.18,38.93,1196800.0,47500000.0,39.53,200,39.52,400,39.51,500,39.5,1000,39.49,300,39.55,2000,39.56,300,39.58,100,39.62,500,39.63,200,HOLD
1781487545610,09:39:03,39.58,39.34,40.08,39.18,38.93,1201800.0,47690000.0,39.55,1100,39.54,200,39.53,400,39.52,400,39.51,1900,39.63,300,39.65,3500,39.66,800,39.68,300,39.7,2300,HOLD
1781487548626,09:39:06,39.63,39.34,40.08,39.18,38.93,1202500.0,47720000.0,39.62,200,39.58,1500,39.57,500,39.56,200,39.55,2200,39.63,400,39.65,3500,39.66,800,39.68,300,39.7,2300,HOLD
1781487551631,09:39:09,39.63,39.34,40.08,39.18,38.93,1202900.0,47740000.0,39.64,600,39.63,600,39.62,200,39.58,1500,39.57,300,39.65,3500,39.66,800,39.68,300,39.7,2300,39.71,700,HOLD
1781487554633,09:39:12,39.62,39.34,40.08,39.18,38.93,1206200.0,47870000.0,39.6,600,39.58,1500,39.57,300,39.56,200,39.55,2200,39.63,500,39.64,400,39.65,1900,39.66,800,39.68,300,HOLD
1781487557649,09:39:15,39.63,39.34,40.08,39.18,38.93,1206300.0,47870000.0,39.58,1500,39.57,300,39.56,200,39.55,2200,39.54,100,39.6,4700,39.63,600,39.64,400,39.65,1900,39.66,800,HOLD
1781487563663,09:39:21,39.64,39.34,40.08,39.18,38.93,1213900.0,48170000.0,39.62,2000,39.6,3300,39.59,3300,39.58,200,39.57,11000,39.64,100,39.65,1900,39.66,800,39.68,300,39.7,2300,HOLD
1781487566690,09:39:24,39.64,39.34,40.08,39.18,38.93,1217200.0,48300000.0,39.62,2200,39.61,100,39.6,3300,39.59,3000,39.58,200,39.65,1500,39.66,800,39.68,300,39.7,2300,39.71,700,HOLD
1781487572705,09:39:30,39.64,39.34,40.08,39.18,38.93,1219600.0,48400000.0,39.63,200,39.62,2200,39.61,300,39.6,3900,39.59,3000,39.64,500,39.65,900,39.66,900,39.68,300,39.7,2300,HOLD
1781487575714,09:39:33,39.64,39.34,40.08,39.18,38.93,1223300.0,48550000.0,39.64,200,39.63,4400,39.62,2200,39.61,400,39.6,3900,39.68,100,39.7,2300,39.71,700,39.72,1800,39.73,10000,HOLD
1781487578728,09:39:36,39.7,39.34,40.08,39.18,38.93,1226600.0,48680000.0,39.68,100,39.67,300,39.66,500,39.65,3800,39.64,2900,39.7,2100,39.71,700,39.72,1800,39.73,10000,39.75,100,HOLD
1781487581729,09:39:39,39.72,39.34,40.08,39.18,38.93,1232200.0,48900000.0,39.7,3000,39.69,15800,39.68,200,39.67,400,39.66,500,39.73,10000,39.75,100,39.8,8800,39.82,100,39.84,300,HOLD
1781487584744,09:39:42,39.73,39.34,40.08,39.18,38.93,1234700.0,49000000.0,39.71,2900,39.7,5800,39.69,500,39.68,500,39.67,300,39.73,7500,39.75,100,39.8,9800,39.82,100,39.84,300,HOLD
1781487587759,09:39:45,39.75,39.34,40.08,39.18,38.93,1242300.0,49300000.0,39.75,100,39.74,100,39.73,600,39.72,1400,39.71,3300,39.8,9800,39.82,100,39.84,300,39.85,200,39.88,800,HOLD
1781487590768,09:39:48,39.76,39.34,40.08,39.18,38.93,1243700.0,49360000.0,39.76,5500,39.75,500,39.74,200,39.73,1000,39.71,1700,39.79,1100,39.8,8300,39.82,100,39.84,300,39.85,200,HOLD
1781487593770,09:39:51,39.79,39.34,40.08,39.18,38.93,1250700.0,49630000.0,39.79,900,39.77,100,39.76,1900,39.75,500,39.74,200,39.8,8300,39.82,100,39.84,300,39.85,200,39.88,800,HOLD
1781487596776,09:39:54,39.88,39.34,40.08,39.18,38.93,1263100.0,50130000.0,39.81,100,39.8,300,39.79,5100,39.77,200,39.75,1100,39.85,100,39.88,800,39.89,1600,39.9,100,39.91,800,HOLD
1781487599779,09:39:57,39.88,39.34,40.08,39.18,38.93,1265600.0,50230000.0,39.82,2200,39.81,200,39.8,400,39.79,1200,39.78,900,39.88,700,39.89,1600,39.9,100,39.91,800,39.92,300,HOLD
1781487605789,09:40:03,39.85,39.34,40.08,39.18,38.93,1271600.0,50470000.0,39.83,5400,39.82,900,39.81,100,39.8,500,39.79,1200,39.88,400,39.89,1600,39.9,100,39.91,800,39.92,300,HOLD
1781487608802,09:40:06,39.88,39.34,40.08,39.18,38.93,1273000.0,50520000.0,39.83,5400,39.82,300,39.81,100,39.8,500,39.79,1200,39.85,100,39.88,800,39.89,700,39.9,100,39.91,800,HOLD
1781487611812,09:40:09,39.81,39.34,40.08,39.18,38.93,1277400.0,50700000.0,39.8,500,39.79,1100,39.78,900,39.77,200,39.75,700,39.84,400,39.85,700,39.86,200,39.87,1000,39.88,900,HOLD
1781487614820,09:40:12,39.83,39.34,40.08,39.18,38.93,1279100.0,50770000.0,39.77,200,39.76,1300,39.75,700,39.73,600,39.71,1300,39.82,200,39.83,1000,39.84,2400,39.85,100,39.87,1000,HOLD
1781487620839,09:40:18,39.82,39.34,40.08,39.18,38.93,1293900.0,51360000.0,39.77,500,39.76,1500,39.73,600,39.71,1300,39.7,5200,39.82,1900,39.83,700,39.84,1400,39.86,500,39.87,1000,HOLD
1781487623849,09:40:21,39.77,39.34,40.08,39.18,38.93,1296500.0,51460000.0,39.73,600,39.71,1300,39.7,5200,39.68,100,39.67,300,39.77,800,39.82,1300,39.84,1500,39.86,500,39.87,1100,HOLD
1781487629868,09:40:27,39.82,39.34,40.08,39.18,38.93,1305900.0,51830000.0,39.74,700,39.73,800,39.71,1300,39.7,5200,39.68,100,39.77,6000,39.82,13400,39.84,1500,39.86,500,39.87,1500,HOLD
1781487635893,09:40:33,39.76,39.34,40.08,39.18,38.93,1336900.0,53060000.0,39.73,800,39.71,2600,39.7,3300,39.67,1600,39.66,200,39.74,2200,39.76,100,39.77,6100,39.8,900,39.82,5900,HOLD
1781487641897,09:40:39,39.72,39.34,40.08,39.18,38.93,1341400.0,53240000.0,39.72,200,39.71,1400,39.7,3300,39.67,1600,39.66,200,39.73,15300,39.74,400,39.76,2100,39.77,6100,39.8,3500,HOLD
1781487644899,09:40:42,39.71,39.34,40.08,39.18,38.93,1343900.0,53340000.0,39.71,1600,39.7,36000,39.67,1600,39.66,200,39.65,100,39.72,11400,39.73,13100,39.74,400,39.76,5100,39.77,6100,HOLD
1781487647901,09:40:45,39.71,39.34,40.08,39.18,38.93,1345700.0,53410000.0,39.71,1400,39.7,35800,39.67,1600,39.66,200,39.65,100,39.72,12000,39.73,13100,39.74,400,39.76,5100,39.77,6100,HOLD
1781487650912,09:40:48,39.71,39.34,40.08,39.18,38.93,1345900.0,53420000.0,39.71,1200,39.7,35800,39.67,1600,39.66,200,39.65,100,39.72,12000,39.73,13100,39.74,400,39.76,5100,39.77,6100,HOLD
1781487653916,09:40:51,39.7,39.34,40.08,39.18,38.93,1384100.0,54940000.0,39.7,200,39.67,1600,39.66,200,39.65,100,39.64,1300,39.72,11100,39.73,13100,39.74,400,39.76,5100,39.77,6100,HOLD
1781487656926,09:40:54,39.7,39.34,40.08,39.18,38.93,1384500.0,54950000.0,39.67,1600,39.66,200,39.65,100,39.64,1300,39.63,400,39.69,700,39.7,5800,39.71,1000,39.72,11100,39.73,13100,HOLD
1781487659936,09:40:57,39.7,39.34,40.08,39.18,38.93,1386000.0,55010000.0,39.67,1100,39.66,200,39.65,100,39.64,1300,39.63,400,39.68,100,39.7,5700,39.71,900,39.72,11100,39.73,13100,HOLD
1781487662945,09:41:00,39.7,39.34,40.08,39.18,38.93,1387000.0,55050000.0,39.67,1300,39.66,200,39.65,100,39.64,1300,39.63,400,39.7,5800,39.71,900,39.72,11100,39.73,13100,39.74,400,HOLD
1781487665956,09:41:03,39.67,39.34,40.08,39.18,38.93,1389500.0,55150000.0,39.65,100,39.64,1300,39.63,400,39.62,200,39.61,100,39.67,200,39.7,5300,39.71,900,39.72,11100,39.73,13100,HOLD
1781487668963,09:41:06,39.67,39.34,40.08,39.18,38.93,1392500.0,55270000.0,39.66,200,39.65,100,39.64,1300,39.63,400,39.62,200,39.67,1000,39.7,7300,39.71,300,39.72,11100,39.73,13100,HOLD
1781487671979,09:41:09,39.63,39.34,40.08,39.18,38.93,1394800.0,55360000.0,39.6,500,39.59,2900,39.58,200,39.57,10100,39.56,200,39.63,500,39.64,600,39.65,5300,39.66,1100,39.67,3600,HOLD
1781487674979,09:41:12,39.6,39.34,40.08,39.18,38.93,1395400.0,55390000.0,39.59,2900,39.58,100,39.57,10100,39.56,200,39.55,300,39.6,500,39.61,300,39.63,1700,39.64,100,39.65,4300,HOLD
1781487677988,09:41:15,39.6,39.34,40.08,39.18,38.93,1395400.0,55390000.0,39.59,3100,39.58,100,39.57,10100,39.56,200,39.55,300,39.6,900,39.63,2100,39.64,100,39.65,4300,39.66,700,HOLD
1781487681001,09:41:18,39.59,39.34,40.08,39.18,38.93,1396900.0,55450000.0,39.61,100,39.6,200,39.59,2700,39.58,100,39.57,10100,39.63,2100,39.64,100,39.65,4300,39.66,700,39.67,3600,HOLD
1781487687028,09:41:24,39.63,39.34,40.08,39.18,38.93,1400700.0,55600000.0,39.62,200,39.59,6600,39.58,100,39.57,10700,39.56,200,39.64,100,39.65,4300,39.66,300,39.7,7800,39.71,200,HOLD
1781487690033,09:41:27,39.7,39.34,40.08,39.18,38.93,1418600.0,56310000.0,39.65,1200,39.64,5300,39.63,800,39.62,8000,39.61,41700,39.7,6600,39.71,200,39.72,14700,39.74,400,39.75,5400,HOLD
1781487693039,09:41:30,39.65,39.34,40.08,39.18,38.93,1421800.0,56430000.0,39.66,200,39.65,600,39.64,5300,39.63,5800,39.62,4400,39.7,2400,39.71,200,39.72,14700,39.74,400,39.75,5400,HOLD
1781487699051,09:41:36,39.7,39.34,40.08,39.18,38.93,1422200.0,56450000.0,39.66,5100,39.65,500,39.64,5300,39.63,5800,39.62,3500,39.7,2400,39.71,1000,39.72,14700,39.74,400,39.75,5900,HOLD
1781487702061,09:41:39,39.7,39.34,40.08,39.18,38.93,1422800.0,56470000.0,39.67,400,39.66,6000,39.65,500,39.64,5300,39.63,5800,39.7,2000,39.71,1000,39.72,14800,39.74,400,39.75,5900,HOLD
1781487708077,09:41:45,39.68,39.34,40.08,39.18,38.93,1423300.0,56490000.0,39.68,800,39.67,400,39.66,6000,39.65,1000,39.64,5300,39.69,1300,39.7,2400,39.71,1000,39.72,14800,39.74,400,HOLD
1781487711080,09:41:48,39.7,39.34,40.08,39.18,38.93,1427200.0,56650000.0,39.7,300,39.68,700,39.67,400,39.66,6000,39.65,1000,39.71,1000,39.72,14800,39.74,400,39.75,6100,39.76,5100,HOLD
1781487714088,09:41:51,39.71,39.34,40.08,39.18,38.93,1427700.0,56670000.0,39.68,700,39.67,400,39.66,6900,39.65,1100,39.64,5300,39.7,100,39.71,800,39.72,14800,39.74,400,39.75,6100,HOLD
1781487720098,09:41:54,39.7,39.34,40.08,39.18,38.93,1428500.0,56700000.0,39.68,400,39.67,400,39.66,6600,39.65,1000,39.64,5300,39.7,3300,39.71,800,39.72,11200,39.74,400,39.75,6100,HOLD
1781487723113,09:41:57,39.68,39.34,40.08,39.18,38.93,1429000.0,56720000.0,39.67,400,39.66,5700,39.65,700,39.64,5100,39.63,5800,39.68,800,39.7,3800,39.71,800,39.72,11200,39.74,800,HOLD
1781487726121,09:42:03,39.62,39.34,40.08,39.18,38.93,1442000.0,57230000.0,39.61,5200,39.6,900,39.59,2500,39.58,100,39.57,10700,39.62,300,39.63,500,39.64,200,39.65,100,39.66,100,HOLD
1781487729129,09:42:06,39.61,39.34,40.08,39.18,38.93,1446200.0,57400000.0,39.61,100,39.6,900,39.59,2400,39.58,100,39.57,10700,39.62,100,39.63,500,39.64,200,39.65,100,39.66,800,HOLD
1781487732137,09:42:09,39.63,39.34,40.08,39.18,38.93,1446900.0,57430000.0,39.62,100,39.61,700,39.6,900,39.59,2400,39.58,100,39.64,200,39.65,100,39.66,100,39.67,700,39.68,1800,HOLD
1781487738153,09:42:15,39.64,39.34,40.08,39.18,38.93,1454100.0,57710000.0,39.64,300,39.62,200,39.6,800,39.59,2600,39.58,100,39.65,100,39.66,100,39.67,300,39.68,700,39.7,17500,HOLD
1781487741160,09:42:18,39.65,39.34,40.08,39.18,38.93,1454400.0,57720000.0,39.64,300,39.62,200,39.6,800,39.59,2600,39.58,100,39.65,500,39.66,100,39.67,1300,39.68,700,39.7,17400,HOLD
1781487744167,09:42:21,39.65,39.34,40.08,39.18,38.93,1454900.0,57740000.0,39.64,300,39.63,200,39.62,200,39.6,8500,39.59,2600,39.65,300,39.66,100,39.67,1300,39.68,700,39.7,17400,HOLD
1781487747178,09:42:24,39.65,39.34,40.08,39.18,38.93,1455500.0,57770000.0,39.66,200,39.65,600,39.64,300,39.63,200,39.62,200,39.67,1300,39.68,700,39.7,17400,39.71,2000,39.72,11200,HOLD
1781487750190,09:42:27,39.64,39.34,40.08,39.18,38.93,1457300.0,57840000.0,39.66,400,39.65,1300,39.64,200,39.63,200,39.62,200,39.67,500,39.68,100,39.7,17400,39.71,2000,39.72,11200,HOLD
1781487753199,09:42:30,39.66,39.34,40.08,39.18,38.93,1459600.0,57930000.0,39.65,1500,39.64,100,39.63,1500,39.62,200,39.6,10500,39.66,600,39.67,1900,39.68,1000,39.7,17400,39.71,2000,HOLD
1781487756203,09:42:33,39.65,39.34,40.08,39.18,38.93,1459900.0,57940000.0,39.65,1500,39.64,100,39.63,2800,39.62,200,39.6,10500,39.66,1900,39.67,1900,39.68,1000,39.69,25800,39.7,17400,HOLD
1781487759217,09:42:36,39.66,39.34,40.08,39.18,38.93,1461800.0,58020000.0,39.66,100,39.65,6500,39.64,100,39.63,2800,39.62,200,39.67,1900,39.68,1000,39.69,25800,39.7,21400,39.71,2000,HOLD
1781487762220,09:42:39,39.66,39.34,40.08,39.18,38.93,1462000.0,58030000.0,39.66,400,39.65,6400,39.64,100,39.63,2800,39.62,200,39.67,1900,39.68,1000,39.69,25800,39.7,21400,39.71,2000,HOLD
1781487765223,09:42:42,39.66,39.34,40.08,39.18,38.93,1462700.0,58050000.0,39.65,6400,39.64,100,39.63,2800,39.62,200,39.6,10500,39.66,1000,39.67,1900,39.68,1000,39.69,25800,39.7,21400,HOLD
1781487768234,09:42:45,39.63,39.34,40.08,39.18,38.93,1472100.0,58430000.0,39.62,200,39.6,10200,39.59,2400,39.58,100,39.57,10100,39.65,14600,39.66,3000,39.67,1900,39.68,1000,39.69,26500,HOLD
1781487771247,09:42:48,39.65,39.34,40.08,39.18,38.93,1476500.0,58600000.0,39.6,10200,39.59,2400,39.58,100,39.57,10100,39.56,200,39.65,2900,39.66,3000,39.68,1000,39.69,26500,39.7,22400,HOLD
1781487774254,09:42:51,39.64,39.34,40.08,39.18,38.93,1476700.0,58610000.0,39.63,14800,39.6,10200,39.59,2400,39.58,100,39.57,10100,39.64,700,39.65,2900,39.66,2500,39.68,1000,39.69,26500,HOLD
1781487777261,09:42:54,39.64,39.34,40.08,39.18,38.93,1483500.0,58880000.0,39.63,8200,39.6,10200,39.59,2400,39.58,100,39.57,10100,39.64,700,39.65,2700,39.66,2500,39.68,1000,39.69,26500,HOLD
1781487780277,09:42:57,39.63,39.34,40.08,39.18,38.93,1491700.0,59200000.0,39.6,10200,39.59,2400,39.58,100,39.57,10100,39.56,200,39.63,1000,39.64,700,39.65,400,39.66,1200,39.68,1000,HOLD
1781487783281,09:43:00,39.63,39.34,40.08,39.18,38.93,1493000.0,59250000.0,39.61,100,39.6,9700,39.59,2500,39.58,100,39.57,10100,39.63,2900,39.64,700,39.66,1200,39.68,1000,39.69,26500,HOLD
1781487786289,09:43:03,39.63,39.34,40.08,39.18,38.93,1494600.0,59320000.0,39.62,100,39.61,400,39.6,9700,39.59,2500,39.58,100,39.63,1400,39.64,2100,39.66,1200,39.68,1000,39.69,25800,HOLD
1781487789298,09:43:06,39.66,39.34,40.08,39.18,38.93,1502900.0,59650000.0,39.66,5600,39.65,5000,39.64,400,39.63,3900,39.62,200,39.69,24600,39.7,26700,39.71,2000,39.72,11200,39.74,800,HOLD
1781487792309,09:43:09,39.7,39.34,40.08,39.18,38.93,1549000.0,61480000.0,39.69,300,39.66,1100,39.65,5000,39.64,100,39.63,2700,39.7,11300,39.71,2000,39.72,11200,39.74,800,39.75,200,HOLD
1781487795324,09:43:12,39.66,39.34,40.08,39.18,38.93,1553400.0,61650000.0,39.65,5500,39.64,100,39.63,2700,39.61,400,39.6,9700,39.66,300,39.7,11300,39.71,2000,39.72,11200,39.74,800,HOLD
1781487798333,09:43:15,39.66,39.34,40.08,39.18,38.93,1553700.0,61660000.0,39.68,2800,39.67,100,39.66,200,39.65,5500,39.64,200,39.7,11300,39.71,2000,39.72,11200,39.74,800,39.75,200,HOLD
1781487801337,09:43:18,39.7,39.34,40.08,39.18,38.93,1559000.0,61870000.0,39.69,200,39.68,200,39.67,100,39.66,400,39.65,5500,39.7,6000,39.71,2000,39.72,11100,39.74,800,39.75,200,HOLD
1781487804347,09:43:21,39.69,39.34,40.08,39.18,38.93,1559500.0,61890000.0,39.68,200,39.67,100,39.66,400,39.65,5600,39.64,200,39.7,14700,39.71,2000,39.72,11100,39.74,800,39.75,200,HOLD
1781487807357,09:43:24,39.75,39.34,40.08,39.18,38.93,1588400.0,63040000.0,39.74,200,39.73,200,39.71,2100,39.7,200,39.69,200,39.76,5100,39.77,1100,39.8,8600,39.81,300,39.82,200,HOLD
1781487813386,09:43:30,39.77,39.34,40.08,39.18,38.93,1594800.0,63300000.0,39.76,200,39.75,300,39.73,1100,39.72,100,39.71,700,39.77,300,39.8,8600,39.81,300,39.82,200,39.84,1800,HOLD
1781487816401,09:43:33,39.76,39.34,40.08,39.18,38.93,1595200.0,63310000.0,39.75,300,39.73,1100,39.72,100,39.71,700,39.7,300,39.77,100,39.8,8300,39.81,300,39.82,200,39.84,1800,HOLD
1781487819413,09:43:36,39.75,39.34,40.08,39.18,38.93,1595400.0,63320000.0,39.75,300,39.73,1100,39.72,100,39.71,700,39.7,200,39.76,200,39.77,200,39.78,200,39.8,5700,39.81,300,HOLD
1781487822422,09:43:39,39.75,39.34,40.08,39.18,38.93,1596800.0,63380000.0,39.74,300,39.73,1100,39.72,100,39.71,700,39.7,200,39.75,500,39.76,100,39.78,100,39.8,5700,39.81,300,HOLD
1781487828437,09:43:45,39.75,39.34,40.08,39.18,38.93,1600900.0,63540000.0,39.75,600,39.74,700,39.73,1100,39.72,1400,39.71,400,39.76,1400,39.78,100,39.8,6000,39.81,300,39.82,200,HOLD
1781487834467,09:43:51,39.75,39.34,40.08,39.18,38.93,1602700.0,63610000.0,39.74,200,39.72,1300,39.71,400,39.7,600,39.69,200,39.76,1400,39.78,100,39.8,6000,39.81,300,39.82,200,HOLD
1781487837470,09:43:54,39.74,39.34,40.08,39.18,38.93,1602900.0,63620000.0,39.72,1500,39.71,400,39.7,600,39.69,200,39.68,300,39.74,500,39.75,2200,39.76,1400,39.78,100,39.8,6000,HOLD
1781487840481,09:43:57,39.74,39.34,40.08,39.18,38.93,1603400.0,63640000.0,39.74,100,39.73,400,39.72,1500,39.71,400,39.7,600,39.75,3800,39.76,1400,39.78,100,39.8,6000,39.82,200,HOLD
1781487846508,09:44:03,39.75,39.34,40.08,39.18,38.93,1607600.0,63800000.0,39.72,1600,39.71,400,39.7,600,39.69,200,39.68,300,39.74,500,39.75,1200,39.76,1300,39.78,100,39.8,6300,HOLD
1781487849514,09:44:06,39.72,39.34,40.08,39.18,38.93,1609700.0,63890000.0,39.71,100,39.7,1500,39.69,200,39.68,300,39.67,100,39.72,100,39.73,1000,39.74,2000,39.75,1200,39.76,1300,HOLD
1781487855536,09:44:12,39.69,39.34,40.08,39.18,38.93,1611500.0,63960000.0,39.7,100,39.69,100,39.68,200,39.66,500,39.65,5700,39.71,500,39.72,20700,39.73,1000,39.74,2100,39.75,2400,HOLD
1781487861561,09:44:18,39.71,39.34,40.08,39.18,38.93,1615100.0,64100000.0,39.68,200,39.66,700,39.65,5700,39.64,100,39.61,400,39.71,200,39.72,700,39.73,800,39.74,2200,39.75,2700,HOLD
1781487864565,09:44:21,39.71,39.34,40.08,39.18,38.93,1616000.0,64140000.0,39.68,100,39.66,700,39.65,5700,39.64,100,39.61,400,39.71,1500,39.72,700,39.74,2200,39.75,2700,39.77,100,HOLD
1781487867579,09:44:24,39.68,39.34,40.08,39.18,38.93,1616100.0,64140000.0,39.68,200,39.66,1200,39.65,5700,39.64,100,39.61,400,39.7,900,39.71,600,39.72,1000,39.74,2200,39.75,2700,HOLD
1781487870591,09:44:27,39.68,39.34,40.08,39.18,38.93,1616100.0,64140000.0,39.68,200,39.66,1200,39.65,5700,39.64,100,39.61,400,39.7,900,39.72,1000,39.74,2200,39.75,2800,39.77,100,HOLD
1781487873599,09:44:30,39.68,39.34,40.08,39.18,38.93,1616700.0,64170000.0,39.67,300,39.66,1200,39.65,5700,39.64,100,39.61,400,39.69,20000,39.7,900,39.72,800,39.74,2200,39.75,2800,HOLD
1781487876612,09:44:33,39.69,39.34,40.08,39.18,38.93,1618600.0,64240000.0,39.68,6300,39.67,300,39.66,1200,39.65,5700,39.64,100,39.69,18700,39.7,3200,39.71,1300,39.72,800,39.74,2200,HOLD
1781487879631,09:44:36,39.71,39.34,40.08,39.18,38.93,1643000.0,65210000.0,39.7,2500,39.69,7800,39.68,7200,39.67,300,39.66,1800,39.72,300,39.74,2200,39.75,2800,39.77,100,39.78,800,HOLD
1781487882638,09:44:39,39.74,39.34,40.08,39.18,38.93,1648600.0,65430000.0,39.75,200,39.74,400,39.73,500,39.72,800,39.71,4800,39.77,100,39.78,800,39.8,6300,39.82,800,39.83,3300,HOLD
1781487885648,09:44:42,39.78,39.34,40.08,39.18,38.93,1649500.0,65470000.0,39.77,300,39.76,6300,39.74,100,39.73,14300,39.72,100,39.78,600,39.8,6300,39.82,800,39.83,3300,39.84,1800,HOLD
1781487888662,09:44:45,39.8,39.34,40.08,39.18,38.93,1650400.0,65500000.0,39.79,200,39.78,1400,39.77,300,39.76,6000,39.74,1400,39.8,6200,39.82,600,39.83,3300,39.84,1800,39.85,1100,HOLD
1781487891669,09:44:48,39.82,39.34,40.08,39.18,38.93,1657200.0,65770000.0,39.81,200,39.8,4800,39.79,600,39.78,1700,39.77,300,39.82,400,39.83,3300,39.84,1800,39.85,1100,39.86,1000,HOLD
1781487894678,09:44:51,39.8,39.34,40.08,39.18,38.93,1660000.0,65890000.0,39.8,3600,39.79,200,39.78,2500,39.77,300,39.73,14300,39.84,1800,39.85,1100,39.86,1000,39.87,1600,39.88,7500,HOLD
1781487897692,09:44:54,39.82,39.34,40.08,39.18,38.93,1660900.0,65920000.0,39.81,5400,39.8,3600,39.79,100,39.78,2000,39.77,300,39.84,1400,39.85,1100,39.86,1000,39.87,1600,39.88,7500,HOLD
1781487900705,09:44:57,39.84,39.34,40.08,39.18,38.93,1663100.0,66010000.0,39.81,5200,39.8,3600,39.79,100,39.78,3200,39.77,300,39.84,200,39.85,1100,39.86,1000,39.87,1600,39.88,7500,HOLD
1781487903740,09:45:00,39.84,39.34,40.08,39.18,38.93,1663400.0,66020000.0,39.81,5100,39.8,3000,39.79,100,39.78,3200,39.77,300,39.83,100,39.85,1100,39.86,1000,39.87,1600,39.88,7500,HOLD
1781487906731,09:45:03,39.83,39.34,40.08,39.18,38.93,1663800.0,66040000.0,39.82,200,39.81,5100,39.8,3000,39.79,100,39.78,3200,39.84,200,39.85,1100,39.86,1000,39.87,1600,39.88,8300,HOLD
1781487909736,09:45:06,39.85,39.34,40.08,39.18,38.93,1664600.0,66070000.0,39.84,700,39.82,500,39.81,500,39.8,3200,39.79,100,39.85,500,39.86,1000,39.87,1600,39.88,4700,39.89,200,HOLD
1781487912749,09:45:09,39.86,39.34,40.08,39.18,38.93,1668600.0,66230000.0,39.85,2700,39.84,4300,39.83,100,39.82,1700,39.81,800,39.86,200,39.87,1600,39.88,5300,39.89,200,39.9,16200,HOLD
1781487915763,09:45:12,39.85,39.34,40.08,39.18,38.93,1673300.0,66420000.0,39.85,200,39.84,4300,39.83,1600,39.82,1700,39.81,800,39.87,700,39.88,5300,39.89,200,39.9,16200,39.92,300,HOLD
1781487918769,09:45:15,39.85,39.34,40.08,39.18,38.93,1675200.0,66490000.0,39.85,800,39.84,600,39.83,1500,39.82,1800,39.81,800,39.86,600,39.87,700,39.88,5200,39.89,200,39.9,16200,HOLD
1781487921778,09:45:18,39.85,39.34,40.08,39.18,38.93,1677000.0,66560000.0,39.85,1700,39.84,600,39.83,1500,39.82,1500,39.81,800,39.87,700,39.88,5200,39.89,200,39.9,16200,39.92,300,HOLD
1781487924785,09:45:21,39.9,39.34,40.08,39.18,38.93,1699400.0,67460000.0,39.88,600,39.87,1700,39.86,700,39.85,7400,39.84,600,39.9,2500,39.92,300,39.93,2200,39.94,100,39.95,5500,HOLD
1781487927791,09:45:24,39.91,39.34,40.08,39.18,38.93,1702200.0,67570000.0,39.91,3000,39.9,1200,39.88,800,39.87,1800,39.86,2300,39.92,300,39.93,1100,39.94,100,39.95,5500,39.96,1400,HOLD
1781487930796,09:45:27,39.91,39.34,40.08,39.18,38.93,1702900.0,67600000.0,39.91,2800,39.9,1500,39.88,200,39.87,1800,39.86,2300,39.93,900,39.94,100,39.95,5500,39.96,1400,39.98,2900,HOLD
1781487933800,09:45:30,39.92,39.34,40.08,39.18,38.93,1704600.0,67660000.0,39.92,2400,39.91,2700,39.9,1100,39.88,200,39.87,1000,39.95,5500,39.96,1400,39.98,1900,39.99,5300,40.0,41200,HOLD
1781487936804,09:45:33,39.95,39.34,40.08,39.18,38.93,1712900.0,68000000.0,39.88,200,39.87,800,39.86,200,39.85,1400,39.84,400,39.93,300,39.95,5200,39.96,1400,39.98,1900,39.99,5300,HOLD
1781487939811,09:45:36,39.91,39.34,40.08,39.18,38.93,1713600.0,68020000.0,39.89,500,39.88,300,39.87,800,39.86,200,39.85,1400,39.9,200,39.91,200,39.93,300,39.94,1200,39.95,6400,HOLD
1781487942817,09:45:39,39.93,39.34,40.08,39.18,38.93,1714400.0,68060000.0,39.91,900,39.9,1400,39.89,1000,39.88,200,39.87,800,39.93,800,39.94,1200,39.95,6400,39.96,1400,39.98,1500,HOLD
1781487945824,09:45:42,39.91,39.34,40.08,39.18,38.93,1718800.0,68230000.0,39.88,200,39.87,800,39.86,700,39.85,500,39.84,400,39.91,300,39.92,100,39.93,800,39.94,1200,39.95,6500,HOLD
1781487948828,09:45:45,39.93,39.34,40.08,39.18,38.93,1724500.0,68460000.0,39.89,200,39.88,200,39.87,800,39.86,700,39.85,500,39.93,1200,39.94,1200,39.95,6500,39.96,1400,39.98,1500,HOLD
1781487951832,09:45:48,39.94,39.34,40.08,39.18,38.93,1727800.0,68590000.0,39.93,1000,39.91,3700,39.9,600,39.89,200,39.88,300,39.95,6700,39.96,1400,39.98,1500,39.99,5300,40.0,38800,HOLD
1781487954836,09:45:51,39.93,39.34,40.08,39.18,38.93,1738200.0,69010000.0,39.93,7800,39.91,100,39.9,600,39.89,200,39.88,300,39.94,100,39.98,1500,39.99,5300,40.0,38800,40.01,5600,HOLD
1781487957851,09:45:54,39.98,39.34,40.08,39.18,38.93,1742000.0,69160000.0,39.94,1400,39.93,7800,39.91,100,39.9,1300,39.89,200,39.98,1300,39.99,5300,40.0,43800,40.01,5600,40.02,10000,HOLD
1781487960851,09:45:57,39.98,39.34,40.08,39.18,38.93,1743600.0,69220000.0,39.95,300,39.94,1300,39.93,7200,39.91,100,39.9,1300,39.98,900,39.99,5300,40.0,43800,40.01,5600,40.02,10000,HOLD
1781487963864,09:46:00,39.94,39.34,40.08,39.18,38.93,1746600.0,69340000.0,39.94,600,39.93,7600,39.91,100,39.9,1300,39.89,200,39.95,200,39.98,200,39.99,5300,40.0,53800,40.01,5600,HOLD
1781487966878,09:46:03,39.94,39.34,40.08,39.18,38.93,1751100.0,69520000.0,39.94,200,39.93,7600,39.91,100,39.9,1300,39.89,200,39.98,3200,39.99,5300,40.0,52800,40.01,5600,40.02,10000,HOLD
1781487969879,09:46:06,39.94,39.34,40.08,39.18,38.93,1751800.0,69550000.0,39.94,500,39.93,7600,39.91,100,39.9,1300,39.89,200,39.95,100,39.97,800,39.98,1200,39.99,6300,40.0,55300,HOLD
1781487972892,09:46:09,39.94,39.34,40.08,39.18,38.93,1759300.0,69850000.0,39.94,200,39.93,3000,39.91,100,39.9,1300,39.89,200,39.97,500,39.98,11200,39.99,6300,40.0,55400,40.01,5600,HOLD
1781487975896,09:46:12,39.96,39.34,40.08,39.18,38.93,1761300.0,69930000.0,39.93,2900,39.92,100,39.91,100,39.9,2500,39.89,200,39.98,11700,39.99,6300,40.0,55400,40.01,5600,40.02,10000,HOLD
1781487978903,09:46:15,39.92,39.34,40.08,39.18,38.93,1771400.0,70330000.0,39.91,100,39.9,2500,39.89,200,39.88,100,39.87,300,39.92,11900,39.93,500,39.94,300,39.97,4300,39.98,11600,HOLD
1781487981911,09:46:18,39.96,39.34,40.08,39.18,38.93,1785200.0,70880000.0,39.94,1300,39.93,900,39.92,18200,39.91,800,39.9,2500,39.97,4300,39.98,12000,39.99,6300,40.0,57200,40.01,5600,HOLD
1781487984911,09:46:21,39.95,39.34,40.08,39.18,38.93,1786200.0,70920000.0,39.95,2500,39.94,1000,39.93,900,39.92,17500,39.91,600,39.97,3800,39.98,12400,39.99,6300,40.0,58700,40.01,5600,HOLD
1781487987923,09:46:24,39.95,39.34,40.08,39.18,38.93,1788000.0,71000000.0,39.95,1200,39.94,1000,39.93,900,39.92,16500,39.91,600,39.96,100,39.97,3700,39.98,12600,39.99,6600,40.0,60700,HOLD
1781487990930,09:46:27,39.95,39.34,40.08,39.18,38.93,1790100.0,71080000.0,39.95,400,39.94,2300,39.93,900,39.92,14900,39.91,600,39.97,2800,39.98,12600,39.99,6600,40.0,60300,40.01,5600,HOLD
1781487993935,09:46:30,39.95,39.34,40.08,39.18,38.93,1790500.0,71100000.0,39.94,2300,39.92,14500,39.91,600,39.9,3500,39.89,400,39.95,2200,39.96,600,39.97,2800,39.98,12900,39.99,6700,HOLD
1781487996946,09:46:33,39.92,39.34,40.08,39.18,38.93,1802100.0,71560000.0,39.92,13300,39.91,600,39.9,3500,39.89,400,39.88,100,39.95,300,39.96,500,39.97,2800,39.98,12900,39.99,6700,HOLD
1781487999953,09:46:36,39.92,39.34,40.08,39.18,38.93,1809800.0,71870000.0,39.92,7000,39.91,600,39.9,3700,39.89,400,39.88,100,39.94,1200,39.96,6500,39.97,3200,39.98,13200,39.99,6700,HOLD
1781488002960,09:46:39,39.92,39.34,40.08,39.18,38.93,1815300.0,72090000.0,39.93,100,39.92,2600,39.91,100,39.9,3700,39.89,400,39.94,1900,39.95,12200,39.96,6500,39.97,3200,39.98,13200,HOLD
1781488005969,09:46:42,39.93,39.34,40.08,39.18,38.93,1818100.0,72200000.0,39.94,200,39.93,300,39.92,2600,39.91,100,39.9,3800,39.95,12100,39.96,6500,39.97,3200,39.98,13300,39.99,6700,HOLD
1781488008969,09:46:45,39.95,39.34,40.08,39.18,38.93,1826500.0,72530000.0,39.94,900,39.93,500,39.92,2600,39.91,100,39.9,3600,39.95,13000,39.96,6500,39.97,5000,39.98,14000,39.99,6200,HOLD
1781488011977,09:46:48,39.94,39.34,40.08,39.18,38.93,1828800.0,72620000.0,39.94,300,39.93,500,39.92,2600,39.91,100,39.9,3100,39.95,12600,39.96,6500,39.97,5000,39.98,14000,39.99,6200,HOLD
1781488014981,09:46:51,39.94,39.34,40.08,39.18,38.93,1830500.0,72690000.0,39.94,200,39.93,500,39.92,2600,39.91,100,39.9,3100,39.95,11000,39.96,6500,39.97,5000,39.98,14600,39.99,6500,HOLD
1781488017997,09:46:54,39.94,39.34,40.08,39.18,38.93,1831800.0,72740000.0,39.94,200,39.93,600,39.92,2600,39.91,200,39.9,3100,39.95,11300,39.96,6500,39.97,5000,39.98,14900,39.99,6500,HOLD
1781488021006,09:46:57,39.94,39.34,40.08,39.18,38.93,1832300.0,72760000.0,39.93,600,39.92,2600,39.91,200,39.9,3100,39.89,200,39.94,2900,39.95,13300,39.96,6500,39.97,5000,39.98,14900,HOLD
1781488024015,09:47:00,39.94,39.34,40.08,39.18,38.93,1833200.0,72800000.0,39.93,600,39.92,2900,39.91,400,39.9,3100,39.89,200,39.94,3300,39.95,13300,39.96,6500,39.97,5000,39.98,20800,HOLD
1781488027030,09:47:03,39.94,39.34,40.08,39.18,38.93,1840000.0,73070000.0,39.93,1300,39.92,3500,39.91,1200,39.9,3100,39.89,200,39.94,11500,39.95,13300,39.96,6300,39.97,5000,39.98,21200,HOLD
1781488030032,09:47:06,39.95,39.34,40.08,39.18,38.93,1873400.0,74410000.0,39.94,5200,39.93,1800,39.92,900,39.91,6400,39.9,3100,39.96,3900,39.97,5000,39.98,21200,39.99,7200,40.0,60900,HOLD
1781488033034,09:47:09,39.96,39.34,40.08,39.18,38.93,1879700.0,74660000.0,39.95,100,39.94,5400,39.93,1000,39.92,800,39.91,6400,39.96,900,39.97,4700,39.98,21200,39.99,7200,40.0,60800,HOLD
1781488036046,09:47:12,39.96,39.34,40.08,39.18,38.93,1887100.0,74950000.0,39.93,4100,39.92,300,39.91,6400,39.9,3100,39.89,200,39.96,800,39.97,4700,39.98,21200,39.99,7200,40.0,60300,HOLD
1781488039051,09:47:15,39.96,39.34,40.08,39.18,38.93,1888800.0,75020000.0,39.93,3400,39.92,200,39.91,5600,39.9,3100,39.89,200,39.96,600,39.97,4700,39.98,21200,39.99,7200,40.0,60300,HOLD
1781488042059,09:47:18,39.93,39.34,40.08,39.18,38.93,1890900.0,75110000.0,39.93,3100,39.92,300,39.91,5600,39.9,3200,39.89,200,39.95,800,39.96,6300,39.97,5700,39.98,21200,39.99,7200,HOLD
1781488045071,09:47:21,39.95,39.34,40.08,39.18,38.93,1895300.0,75280000.0,39.91,5500,39.9,3200,39.89,200,39.88,100,39.87,800,39.95,700,39.96,6900,39.97,5700,39.98,21300,39.99,7200,HOLD
1781488048074,09:47:24,39.94,39.34,40.08,39.18,38.93,1895900.0,75300000.0,39.92,500,39.91,5600,39.9,3700,39.89,200,39.88,100,39.94,500,39.95,700,39.96,7300,39.97,5700,39.98,21300,HOLD
1781488051085,09:47:27,39.9,39.34,40.08,39.18,38.93,1902900.0,75580000.0,39.9,3300,39.89,300,39.88,100,39.87,800,39.85,1000,39.93,1000,39.94,500,39.95,700,39.96,8200,39.97,5700,HOLD
1781488054099,09:47:30,39.89,39.34,40.08,39.18,38.93,1906800.0,75740000.0,39.85,900,39.84,300,39.81,200,39.8,300,39.79,100,39.89,400,39.9,1300,39.92,7000,39.93,1700,39.94,2600,HOLD
1781488057114,09:47:33,39.85,39.34,40.08,39.18,38.93,1906900.0,75740000.0,39.85,800,39.84,600,39.83,1300,39.81,300,39.8,300,39.88,1000,39.89,900,39.9,1300,39.92,7000,39.93,1700,HOLD
1781488060128,09:47:36,39.85,39.34,40.08,39.18,38.93,1908300.0,75800000.0,39.84,600,39.83,1300,39.81,300,39.8,300,39.79,100,39.85,1100,39.87,400,39.88,500,39.89,900,39.9,900,HOLD
1781488063133,09:47:39,39.84,39.34,40.08,39.18,38.93,1910500.0,75890000.0,39.83,1300,39.81,300,39.8,300,39.79,100,39.78,600,39.85,6700,39.87,400,39.88,500,39.89,900,39.9,900,HOLD
1781488066134,09:47:42,39.83,39.34,40.08,39.18,38.93,1912000.0,75950000.0,39.82,400,39.81,300,39.8,300,39.79,100,39.78,600,39.83,2500,39.84,1000,39.85,6300,39.87,500,39.88,500,HOLD
1781488069146,09:47:45,39.83,39.34,40.08,39.18,38.93,1919000.0,76230000.0,39.82,200,39.81,300,39.8,300,39.79,100,39.78,600,39.83,3400,39.84,4900,39.85,6600,39.87,500,39.88,500,HOLD
1781488072159,09:47:48,39.82,39.34,40.08,39.18,38.93,1921100.0,76310000.0,39.81,300,39.8,700,39.79,100,39.78,600,39.77,600,39.83,1900,39.84,4900,39.85,6700,39.87,100,39.88,500,HOLD
1781488075172,09:47:51,39.82,39.34,40.08,39.18,38.93,1921700.0,76330000.0,39.8,800,39.79,300,39.78,600,39.77,600,39.74,100,39.82,1100,39.83,2300,39.84,1000,39.85,6700,39.87,100,HOLD
1781488078180,09:47:54,39.8,39.34,40.08,39.18,38.93,1922500.0,76370000.0,39.79,300,39.78,600,39.77,600,39.75,2000,39.74,100,39.8,300,39.81,100,39.82,1100,39.83,1900,39.84,1000,HOLD
1781488081189,09:47:57,39.8,39.34,40.08,39.18,38.93,1923600.0,76410000.0,39.79,100,39.78,600,39.77,600,39.75,2000,39.74,100,39.8,43400,39.81,300,39.82,1400,39.83,1900,39.84,1700,HOLD
1781488084205,09:48:00,39.79,39.34,40.08,39.18,38.93,1925500.0,76480000.0,39.79,200,39.78,800,39.77,600,39.75,2000,39.74,300,39.8,44000,39.81,300,39.82,1400,39.83,1900,39.84,1700,HOLD
1781488087222,09:48:03,39.8,39.34,40.08,39.18,38.93,1942000.0,77140000.0,39.79,3700,39.78,1000,39.77,700,39.75,2600,39.74,300,39.8,27700,39.81,300,39.82,1400,39.83,1700,39.84,1000,HOLD
1781488090231,09:48:06,39.8,39.34,40.08,39.18,38.93,1954600.0,77640000.0,39.79,2700,39.78,900,39.77,700,39.75,2600,39.74,300,39.8,17000,39.82,1400,39.83,1700,39.84,1000,39.85,3100,HOLD
1781488093247,09:48:09,39.8,39.34,40.08,39.18,38.93,1959900.0,77850000.0,39.79,1900,39.78,900,39.77,700,39.75,2600,39.74,300,39.8,36100,39.82,400,39.83,1700,39.84,1000,39.85,3100,HOLD
1781488096257,09:48:12,39.8,39.34,40.08,39.18,38.93,1961700.0,77930000.0,39.79,1200,39.78,900,39.77,700,39.75,2600,39.74,400,39.8,35400,39.82,400,39.83,1700,39.84,1000,39.85,3100,HOLD
1781488099274,09:48:15,39.8,39.34,40.08,39.18,38.93,1967000.0,78140000.0,39.79,1100,39.78,900,39.77,700,39.75,2600,39.74,400,39.8,30700,39.82,400,39.83,1700,39.84,1000,39.85,3100,HOLD
1781488102279,09:48:21,39.84,39.34,40.08,39.18,38.93,2006100.0,79690000.0,39.81,300,39.8,15500,39.79,300,39.78,400,39.77,400,39.85,3700,39.86,300,39.87,100,39.88,500,39.9,1200,HOLD
1781488108286,09:48:27,39.86,39.34,40.08,39.18,38.93,2010600.0,79870000.0,39.86,500,39.85,100,39.84,300,39.83,5900,39.82,800,39.88,500,39.9,2000,39.92,800,39.93,1200,39.94,2100,HOLD
1781488114314,09:48:30,39.88,39.34,40.08,39.18,38.93,2011100.0,79890000.0,39.89,100,39.88,300,39.87,200,39.86,400,39.85,800,39.9,500,39.92,800,39.93,500,39.94,2100,39.95,32400,HOLD
1781488117317,09:48:33,39.9,39.34,40.08,39.18,38.93,2016100.0,80090000.0,39.9,5600,39.89,100,39.88,300,39.87,1700,39.86,400,39.91,100,39.92,1100,39.93,500,39.94,2100,39.95,32400,HOLD
1781488120329,09:48:36,39.91,39.34,40.08,39.18,38.93,2016600.0,80110000.0,39.9,5100,39.89,500,39.88,800,39.87,1800,39.86,400,39.92,1100,39.93,500,39.94,2100,39.95,32400,39.96,7700,HOLD
1781488123322,09:48:39,39.9,39.34,40.08,39.18,38.93,2022400.0,80340000.0,39.89,500,39.88,800,39.87,2400,39.86,400,39.85,800,39.92,700,39.93,500,39.94,2100,39.95,32000,39.96,7700,HOLD
1781488126323,09:48:42,39.9,39.34,40.08,39.18,38.93,2023100.0,80370000.0,39.89,100,39.88,800,39.87,2300,39.86,400,39.85,800,39.9,1200,39.92,300,39.93,500,39.94,2100,39.95,32000,HOLD
1781488129325,09:48:45,39.9,39.34,40.08,39.18,38.93,2023700.0,80390000.0,39.89,700,39.88,600,39.87,2300,39.86,400,39.85,800,39.9,800,39.91,300,39.92,300,39.93,500,39.94,2100,HOLD
1781488132339,09:48:48,39.9,39.34,40.08,39.18,38.93,2023800.0,80400000.0,39.89,700,39.88,600,39.87,2300,39.86,400,39.85,1000,39.9,800,39.91,300,39.92,300,39.93,500,39.94,2100,HOLD
1781488135351,09:48:51,39.93,39.34,40.08,39.18,38.93,2026400.0,80500000.0,39.89,700,39.88,600,39.87,2300,39.86,400,39.85,1000,39.92,200,39.93,300,39.94,2100,39.95,32000,39.96,7700,HOLD
1781488138357,09:48:54,39.9,39.34,40.08,39.18,38.93,2028400.0,80580000.0,39.9,4300,39.89,600,39.88,400,39.87,2300,39.86,400,39.94,2600,39.95,32000,39.96,7700,39.97,3400,39.98,14600,HOLD
1781488141367,09:48:57,39.94,39.34,40.08,39.18,38.93,2028700.0,80590000.0,39.9,4400,39.89,600,39.88,400,39.87,2300,39.86,400,39.93,100,39.94,2400,39.95,32000,39.96,7700,39.97,3400,HOLD
1781488144382,09:49:00,39.9,39.34,40.08,39.18,38.93,2031300.0,80700000.0,39.9,3700,39.89,600,39.88,300,39.87,2400,39.86,400,39.93,200,39.94,2400,39.95,32400,39.96,7700,39.97,3400,HOLD
1781488147393,09:49:03,39.91,39.34,40.08,39.18,38.93,2031700.0,80710000.0,39.9,5600,39.89,600,39.88,300,39.87,1700,39.86,400,39.91,100,39.92,1900,39.93,100,39.94,3500,39.95,32400,HOLD
1781488150407,09:49:06,39.91,39.34,40.08,39.18,38.93,2031900.0,80720000.0,39.91,200,39.9,6200,39.88,300,39.87,1800,39.86,400,39.92,2400,39.93,600,39.94,4300,39.95,32400,39.96,7700,HOLD
1781488153417,09:49:09,39.89,39.34,40.08,39.18,38.93,2040700.0,81070000.0,39.88,400,39.87,400,39.86,400,39.85,1800,39.84,400,39.89,3700,39.9,100,39.92,2400,39.93,5800,39.94,4400,HOLD
1781488156425,09:49:12,39.92,39.34,40.08,39.18,38.93,2045300.0,81260000.0,39.91,1000,39.9,300,39.89,400,39.88,200,39.87,400,39.92,1500,39.93,5800,39.94,4400,39.95,32400,39.96,7700,HOLD
1781488159433,09:49:18,39.92,39.34,40.08,39.18,38.93,2050700.0,81470000.0,39.9,700,39.89,700,39.88,300,39.87,400,39.86,400,39.92,300,39.93,5800,39.94,4800,39.95,32700,39.96,7700,HOLD
1781488165441,09:49:21,39.91,39.34,40.08,39.18,38.93,2064000.0,82000000.0,39.9,1600,39.88,300,39.87,400,39.86,400,39.85,2100,39.91,200,39.92,500,39.93,1100,39.94,4200,39.95,32700,HOLD
1781488168454,09:49:24,39.92,39.34,40.08,39.18,38.93,2071000.0,82280000.0,39.9,500,39.89,100,39.88,400,39.87,400,39.86,800,39.92,4000,39.93,1100,39.94,4400,39.95,32800,39.96,7700,HOLD
1781488171470,09:49:30,39.95,39.34,40.08,39.18,38.93,2111700.0,83910000.0,39.93,1700,39.92,1100,39.91,300,39.9,3500,39.89,1200,39.95,13400,39.96,7700,39.97,3400,39.98,25100,39.99,9800,HOLD
1781488177478,09:49:33,39.94,39.34,40.08,39.18,38.93,2120200.0,84250000.0,39.93,600,39.92,800,39.91,300,39.9,1500,39.89,1200,39.94,400,39.95,9800,39.96,7700,39.97,3400,39.98,25100,HOLD
1781488180492,09:49:36,39.95,39.34,40.08,39.18,38.93,2121900.0,84320000.0,39.94,600,39.93,600,39.92,600,39.91,1700,39.9,1500,39.95,9800,39.96,8700,39.97,3400,39.98,15000,39.99,10800,HOLD
1781488183499,09:49:39,39.94,39.34,40.08,39.18,38.93,2123000.0,84360000.0,39.93,1000,39.92,600,39.91,1800,39.9,1500,39.89,1200,39.94,200,39.95,10500,39.96,8700,39.97,3400,39.98,15000,HOLD
1781488186510,09:49:42,39.94,39.34,40.08,39.18,38.93,2123200.0,84370000.0,39.94,600,39.93,1800,39.92,600,39.91,2000,39.9,1500,39.95,11300,39.96,9300,39.97,3400,39.98,15200,39.99,10800,HOLD
1781488189515,09:49:45,39.95,39.34,40.08,39.18,38.93,2125200.0,84450000.0,39.94,1100,39.93,1800,39.92,600,39.91,1900,39.9,1500,39.95,9500,39.96,9300,39.97,3400,39.98,15200,39.99,10800,HOLD
1781488192517,09:49:48,39.94,39.34,40.08,39.18,38.93,2131300.0,84690000.0,39.93,1900,39.92,5700,39.91,2100,39.9,2200,39.89,1200,39.94,2500,39.95,6300,39.96,9300,39.97,3400,39.98,15200,HOLD
1781488195533,09:49:51,39.95,39.34,40.08,39.18,38.93,2137300.0,84930000.0,39.93,1900,39.92,5700,39.91,2100,39.9,2200,39.89,1200,39.95,4000,39.96,9300,39.97,3400,39.98,15200,39.99,10800,HOLD
1781488198537,09:49:54,39.95,39.34,40.08,39.18,38.93,2137700.0,84950000.0,39.94,3100,39.93,1900,39.92,5700,39.91,2200,39.9,2200,39.95,4200,39.96,9300,39.97,3400,39.98,15200,39.99,10800,HOLD
1781488201551,09:49:57,39.96,39.34,40.08,39.18,38.93,2145600.0,85260000.0,39.95,7300,39.94,2700,39.93,1900,39.92,5700,39.91,2100,39.96,7100,39.97,3400,39.98,15200,39.99,10800,40.0,99500,HOLD
1781488204582,09:50:00,39.99,39.34,40.08,39.18,38.93,2173500.0,86380000.0,39.98,5100,39.97,3200,39.96,7900,39.95,7500,39.94,2700,39.99,9500,40.0,99500,40.01,3100,40.02,10500,40.03,1200,HOLD
1781488207569,09:50:03,40.0,39.34,40.08,39.18,38.93,2188400.0,86970000.0,39.99,3700,39.98,2700,39.97,2800,39.96,6800,39.95,7700,40.0,95400,40.01,3100,40.02,10500,40.03,1200,40.04,6800,HOLD
1781488210575,09:50:09,40.03,39.34,40.12,39.18,38.93,2398500.0,95380000.0,40.04,400,40.03,400,40.02,10900,40.01,9900,40.0,32000,40.1,4200,40.11,900,40.12,2800,40.13,800,40.15,1600,HOLD
1781488216596,09:50:15,40.01,39.34,40.12,39.18,38.93,2421100.0,96290000.0,39.99,800,39.98,3200,39.97,1300,39.96,700,39.95,6200,40.0,1000,40.01,5700,40.02,100,40.04,100,40.05,200,HOLD
1781488222608,09:50:18,40.0,39.34,40.12,39.18,38.93,2423300.0,96380000.0,39.99,700,39.98,2700,39.97,1300,39.96,700,39.95,6200,40.0,400,40.04,400,40.05,200,40.08,2400,40.09,4400,HOLD
1781488225615,09:50:21,40.03,39.34,40.12,39.18,38.93,2423700.0,96390000.0,40.0,700,39.99,700,39.98,2700,39.97,1300,39.96,700,40.03,1100,40.04,700,40.05,200,40.08,2400,40.09,4400,HOLD
1781488228621,09:50:24,40.01,39.34,40.12,39.18,38.93,2424800.0,96440000.0,39.99,700,39.98,2700,39.97,1300,39.96,700,39.95,6200,40.0,1100,40.01,100,40.03,100,40.04,1800,40.05,200,HOLD
1781488231634,09:50:27,39.99,39.34,40.12,39.18,38.93,2426100.0,96490000.0,39.98,2600,39.97,1300,39.96,700,39.95,6200,39.94,2100,40.0,2100,40.01,100,40.02,1000,40.03,100,40.04,1800,HOLD
1781488234647,09:50:30,39.96,39.34,40.12,39.18,38.93,2434500.0,96820000.0,39.95,6200,39.94,2100,39.93,2600,39.92,4400,39.91,2400,39.96,100,39.97,200,39.98,500,39.99,300,40.0,900,HOLD
1781488237653,09:50:36,39.94,39.34,40.12,39.18,38.93,2443200.0,97170000.0,39.93,2400,39.92,4300,39.91,2200,39.9,600,39.89,1200,39.95,4800,39.96,1300,39.97,200,39.98,500,39.99,1000,HOLD
1781488243683,09:50:39,39.94,39.34,40.12,39.18,38.93,2445900.0,97280000.0,39.93,100,39.92,4300,39.91,1800,39.9,700,39.89,1300,39.95,4900,39.96,1300,39.97,200,39.98,500,39.99,2500,HOLD
1781488246674,09:50:45,40.01,39.34,40.12,39.18,38.93,2480600.0,98670000.0,40.03,2900,40.01,600,40.0,67800,39.96,500,39.93,800,40.04,1600,40.05,1700,40.1,6400,40.11,2900,40.12,3000,HOLD
1781488252689,09:50:48,40.05,39.34,40.12,39.18,38.93,2485400.0,98860000.0,40.03,7900,40.02,100,40.01,600,40.0,68700,39.96,500,40.1,6400,40.11,3200,40.12,3000,40.13,800,40.15,1600,HOLD
1781488255707,09:50:51,40.1,39.34,40.12,39.18,38.93,2490500.0,99060000.0,40.04,900,40.03,8500,40.02,200,40.01,700,40.0,68700,40.1,4900,40.11,3200,40.12,3000,40.13,800,40.15,1600,HOLD
1781488258707,09:50:54,40.1,39.34,40.12,39.18,38.93,2494400.0,99220000.0,40.07,700,40.04,2000,40.03,8500,40.02,400,40.01,300,40.1,1200,40.11,3200,40.12,3000,40.13,800,40.15,1600,HOLD
1781488261717,09:50:57,40.09,39.34,40.12,39.18,38.93,2496700.0,99310000.0,40.04,2200,40.03,8500,40.02,400,40.01,200,40.0,68700,40.1,3100,40.11,3200,40.12,3200,40.13,800,40.14,1000,HOLD
1781488264714,09:51:00,40.1,39.34,40.12,39.18,38.93,2497400.0,99340000.0,40.06,1200,40.05,200,40.04,3100,40.03,8500,40.02,300,40.1,4700,40.11,3200,40.12,3200,40.13,800,40.14,1000,HOLD
1781488267723,09:51:03,40.1,39.34,40.12,39.18,38.93,2503700.0,99590000.0,40.1,300,40.06,1200,40.05,200,40.04,3100,40.03,8500,40.11,2600,40.12,3200,40.13,800,40.14,1000,40.15,1600,HOLD
1781488270737,09:51:06,40.1,39.34,40.12,39.18,38.93,2509400.0,99820000.0,40.1,1200,40.06,1200,40.05,200,40.04,3100,40.03,3700,40.11,1400,40.12,3200,40.13,800,40.14,1000,40.15,1600,HOLD
1781488273751,09:51:09,40.06,39.34,40.12,39.18,38.93,2512000.0,99930000.0,40.08,500,40.06,400,40.05,3300,40.04,3100,40.03,3700,40.1,2000,40.11,1200,40.12,3500,40.13,800,40.14,1000,HOLD
1781488276755,09:51:12,40.08,39.34,40.12,39.18,38.93,2516200.0,100090000.0,40.08,100,40.06,500,40.05,3300,40.04,3000,40.03,3500,40.1,7300,40.11,900,40.12,3500,40.13,800,40.14,1000,HOLD
1781488279779,09:51:18,40.05,39.34,40.12,39.18,38.93,2520800.0,100280000.0,40.05,2900,40.04,1100,40.03,3600,40.02,200,40.01,200,40.06,300,40.07,1900,40.08,2500,40.1,9400,40.11,1500,HOLD
1781488285786,09:51:21,40.04,39.34,40.12,39.18,38.93,2524400.0,100420000.0,40.04,600,40.03,100,40.02,200,40.01,200,40.0,71200,40.05,1100,40.07,1900,40.08,3400,40.1,9400,40.11,1500,HOLD
1781488288792,09:51:24,40.05,39.34,40.12,39.18,38.93,2525000.0,100450000.0,40.04,600,40.03,100,40.02,200,40.01,200,40.0,71200,40.05,500,40.07,1900,40.08,3400,40.1,12900,40.11,1500,HOLD
1781488291794,09:51:30,40.04,39.34,40.12,39.18,38.93,2526800.0,100520000.0,40.03,100,40.02,200,40.01,1200,40.0,71400,39.98,100,40.04,4900,40.05,2600,40.07,2000,40.08,3400,40.1,15500,HOLD
1781488297810,09:51:33,40.04,39.34,40.12,39.18,38.93,2526900.0,100520000.0,40.03,100,40.02,200,40.01,1200,40.0,71400,39.98,100,40.04,11000,40.05,2600,40.07,2000,40.08,3400,40.1,15100,HOLD
1781488300819,09:51:36,40.01,39.34,40.12,39.18,38.93,2531000.0,100690000.0,40.0,69700,39.98,100,39.96,700,39.95,100,39.93,800,40.01,700,40.02,600,40.03,400,40.04,12700,40.05,2600,HOLD
1781488303840,09:51:39,40.03,39.34,40.12,39.18,38.93,2532400.0,100740000.0,40.01,200,40.0,70300,39.98,200,39.96,700,39.95,100,40.03,700,40.04,12900,40.05,2600,40.07,2000,40.08,3400,HOLD
1781488306832,09:51:45,40.0,39.34,40.12,39.18,38.93,2544500.0,101230000.0,40.0,63100,39.98,100,39.96,700,39.95,100,39.93,800,40.03,1700,40.04,12900,40.05,2600,40.07,2000,40.08,3400,HOLD
1781488312853,09:51:48,40.01,39.34,40.12,39.18,38.93,2549500.0,101430000.0,40.0,60900,39.98,200,39.96,700,39.95,100,39.92,4000,40.01,2100,40.02,100,40.03,2200,40.04,8300,40.05,3800,HOLD
1781488315860,09:51:51,40.01,39.34,40.12,39.18,38.93,2553600.0,101590000.0,40.0,60600,39.98,200,39.96,700,39.95,100,39.92,4000,40.01,500,40.03,2200,40.04,8500,40.05,3800,40.07,2000,HOLD
1781488318862,09:51:54,40.01,39.34,40.12,39.18,38.93,2560600.0,101870000.0,40.01,300,40.0,55400,39.99,100,39.98,800,39.96,700,40.03,1900,40.04,8500,40.05,3800,40.07,2000,40.08,1800,HOLD
1781488321878,09:51:57,40.0,39.34,40.12,39.18,38.93,2568500.0,102190000.0,40.0,49000,39.99,100,39.98,800,39.96,700,39.95,100,40.01,400,40.03,2700,40.04,8500,40.05,3900,40.07,2000,HOLD
1781488324893,09:52:00,40.0,39.34,40.12,39.18,38.93,2575600.0,102470000.0,40.0,43300,39.98,800,39.96,500,39.95,100,39.92,4000,40.03,2700,40.04,8500,40.05,3900,40.07,2000,40.08,1800,HOLD
1781488327906,09:52:03,40.0,39.34,40.12,39.18,38.93,2619800.0,104240000.0,39.98,1700,39.96,500,39.95,300,39.92,4000,39.91,1900,40.0,1400,40.01,800,40.03,2700,40.04,8500,40.05,3900,HOLD
1781488330919,09:52:06,39.98,39.34,40.12,39.18,38.93,2628100.0,104570000.0,39.96,6600,39.94,100,39.92,3000,39.91,1900,39.9,1300,39.98,7200,39.99,400,40.0,1700,40.01,800,40.03,2700,HOLD
1781488333932,09:52:12,40.03,39.34,40.12,39.18,38.93,2635700.0,104870000.0,40.01,5300,40.0,500,39.99,900,39.98,2600,39.97,800,40.03,300,40.04,8400,40.05,4400,40.06,300,40.07,2200,HOLD
1781488339957,09:52:15,40.02,39.34,40.12,39.18,38.93,2639600.0,105030000.0,40.03,1400,40.02,200,40.01,5300,40.0,500,39.98,2800,40.04,7900,40.05,4400,40.06,300,40.07,2200,40.08,1800,HOLD
1781488342966,09:52:21,40.04,39.34,40.12,39.18,38.93,2644300.0,105220000.0,40.02,200,40.01,8900,40.0,500,39.98,1700,39.97,800,40.04,5300,40.05,4400,40.06,300,40.07,2200,40.08,1700,HOLD
1781488348988,09:52:27,40.01,39.34,40.12,39.18,38.93,2646100.0,105290000.0,40.01,8000,40.0,200,39.98,1700,39.97,800,39.96,200,40.03,5100,40.04,5300,40.05,4300,40.06,300,40.07,2200,HOLD
1781488351995,09:52:30,40.03,39.34,40.12,39.18,38.93,2649700.0,105430000.0,40.02,300,40.01,8000,40.0,200,39.98,2800,39.97,800,40.03,1600,40.04,6300,40.05,4600,40.06,300,40.07,2200,HOLD
1781488358001,09:52:33,40.03,39.34,40.12,39.18,38.93,2650100.0,105450000.0,40.02,500,40.01,8000,40.0,200,39.98,2800,39.97,800,40.03,1300,40.04,6300,40.05,4600,40.06,300,40.07,2200,HOLD
1781488361003,09:52:36,40.03,39.34,40.12,39.18,38.93,2651700.0,105510000.0,40.02,500,40.01,8000,40.0,2000,39.98,2800,39.97,800,40.03,300,40.04,5300,40.05,4600,40.06,300,40.07,2200,HOLD
1781488364017,09:52:42,40.04,39.34,40.12,39.18,38.93,2660500.0,105870000.0,40.03,21200,40.02,1000,40.01,8100,40.0,2000,39.98,2100,40.04,1000,40.05,4700,40.06,300,40.07,300,40.08,1800,HOLD
1781488370033,09:52:45,40.08,39.34,40.12,39.18,38.93,2669100.0,106210000.0,40.05,1200,40.03,21300,40.02,1000,40.01,8100,40.0,2100,40.08,1500,40.09,900,40.1,29800,40.11,800,40.12,8300,HOLD
1781488373049,09:52:51,40.1,39.34,40.12,39.18,38.93,2673100.0,106370000.0,40.09,1000,40.08,2800,40.07,200,40.06,100,40.05,1300,40.1,28300,40.11,900,40.12,8300,40.13,1100,40.14,1000,HOLD
1781488376054,09:52:54,40.09,39.34,40.12,39.18,38.93,2692700.0,107160000.0,40.09,400,40.08,2000,40.07,200,40.05,1200,40.04,700,40.1,9500,40.11,900,40.12,8300,40.13,700,40.14,1000,HOLD
1781488382080,09:52:57,40.1,39.34,40.12,39.18,38.93,2697900.0,107370000.0,40.08,300,40.07,200,40.06,200,40.05,1200,40.04,700,40.1,6200,40.11,900,40.12,8300,40.13,700,40.14,1000,HOLD
1781488385093,09:53:00,40.1,39.34,40.12,39.18,38.93,2700500.0,107470000.0,40.08,1000,40.07,200,40.05,1200,40.04,700,40.03,14300,40.09,100,40.1,4800,40.11,2500,40.12,8300,40.13,700,HOLD
1781488388102,09:53:03,40.1,39.34,40.12,39.18,38.93,2700500.0,107470000.0,40.08,900,40.07,500,40.05,1200,40.04,700,40.03,14300,40.09,3100,40.1,5900,40.11,2500,40.12,8300,40.13,700,HOLD
1781488391108,09:53:06,40.08,39.34,40.12,39.18,38.93,2705900.0,107690000.0,40.07,500,40.05,1200,40.04,700,40.03,14300,40.02,1000,40.08,2100,40.09,200,40.1,6300,40.11,2500,40.12,8300,HOLD
1781488394113,09:53:09,40.03,39.34,40.12,39.18,38.93,2711300.0,107900000.0,40.03,11400,40.02,1000,40.01,7900,40.0,1200,39.98,1400,40.07,100,40.08,3100,40.09,200,40.1,6800,40.11,2500,HOLD
1781488397132,09:53:15,40.06,39.34,40.12,39.18,38.93,2713300.0,107980000.0,40.04,400,40.03,11400,40.02,1000,40.01,7900,40.0,6300,40.06,300,40.07,500,40.08,3200,40.09,200,40.1,9300,HOLD
1781488400137,09:53:18,40.06,39.34,40.12,39.18,38.93,2713300.0,107980000.0,40.04,400,40.03,11400,40.02,1000,40.01,7900,40.0,6300,40.06,300,40.07,500,40.08,3200,40.09,200,40.1,9400,HOLD
1781488406147,09:53:24,40.06,39.34,40.12,39.18,38.93,2714800.0,108040000.0,40.06,400,40.05,700,40.04,1000,40.03,11700,40.02,1000,40.07,2400,40.08,3100,40.09,200,40.1,10300,40.11,2600,HOLD
1781488409150,09:53:27,40.07,39.34,40.12,39.18,38.93,2734600.0,108840000.0,40.07,5100,40.06,1600,40.05,400,40.04,20800,40.03,11700,40.12,8100,40.13,700,40.14,2000,40.15,1700,40.16,1000,HOLD
1781488412161,09:53:30,40.1,39.34,40.12,39.18,38.93,2742400.0,109150000.0,40.1,300,40.09,500,40.08,1600,40.07,4700,40.06,1600,40.12,5900,40.13,700,40.14,2000,40.15,1700,40.16,1000,HOLD
1781488418186,09:53:33,40.09,39.34,40.12,39.18,38.93,2745500.0,109270000.0,40.09,100,40.08,1600,40.07,3600,40.06,1800,40.05,400,40.1,500,40.12,5800,40.13,700,40.14,2000,40.15,1700,HOLD
1781488421197,09:53:39,40.11,39.34,40.12,39.18,38.93,2754000.0,109620000.0,40.09,900,40.08,1600,40.07,3500,40.06,1800,40.05,500,40.1,200,40.12,5800,40.13,700,40.14,2000,40.15,1700,HOLD
1781488427240,09:53:42,40.09,39.34,40.12,39.18,38.93,2766300.0,110110000.0,40.09,800,40.08,1500,40.07,2800,40.06,1800,40.05,500,40.12,4100,40.13,700,40.14,2000,40.15,1700,40.16,1000,HOLD
1781488430226,09:53:48,40.1,39.34,40.12,39.18,38.93,2771700.0,110330000.0,40.1,1800,40.09,800,40.08,1600,40.07,2800,40.06,1900,40.12,400,40.13,700,40.14,2000,40.15,1700,40.16,1000,HOLD
1781488436243,09:53:54,40.12,39.34,40.12,39.18,38.93,2774600.0,110440000.0,40.11,300,40.1,800,40.09,1100,40.08,1600,40.07,2800,40.12,1200,40.13,700,40.14,2000,40.15,1800,40.16,1000,HOLD
1781488442262,09:54:00,40.12,39.34,40.12,39.18,38.93,2777800.0,110570000.0,40.09,1300,40.08,1600,40.07,2800,40.06,1900,40.05,1000,40.12,100,40.13,1900,40.14,2000,40.15,1800,40.16,1000,HOLD
1781488448283,09:54:03,40.12,39.34,40.13,39.18,38.93,2779500.0,110640000.0,40.1,300,40.09,1000,40.08,1600,40.07,2800,40.06,1800,40.11,300,40.12,2300,40.13,1100,40.14,2000,40.15,1800,HOLD
1781488451285,09:54:06,40.1,39.34,40.13,39.18,38.93,2781500.0,110720000.0,40.09,1200,40.08,1600,40.07,4100,40.06,1800,40.05,1100,40.12,3700,40.13,1100,40.14,2000,40.15,1900,40.16,1000,HOLD
1781488454293,09:54:12,40.09,39.34,40.13,39.18,38.93,2784800.0,110850000.0,40.09,2600,40.08,1600,40.07,4100,40.06,1400,40.05,1000,40.1,9000,40.11,900,40.12,5400,40.13,1100,40.14,2000,HOLD
1781488460310,09:54:18,40.12,39.34,40.13,39.18,38.93,2795300.0,111270000.0,40.11,1200,40.1,9900,40.09,2600,40.08,1500,40.07,4100,40.12,3800,40.13,1100,40.14,2000,40.15,1900,40.16,1000,HOLD
1781488463321,09:54:21,40.12,39.34,40.14,39.18,38.93,2801700.0,111530000.0,40.12,10600,40.1,9100,40.09,2800,40.08,1500,40.07,3700,40.14,1600,40.15,2000,40.16,1000,40.18,16700,40.19,1300,HOLD
1781488469340,09:54:24,40.12,39.34,40.14,39.18,38.93,2805100.0,111660000.0,40.12,9800,40.1,9100,40.09,2800,40.08,1500,40.07,3700,40.15,2000,40.16,1000,40.18,16700,40.19,1300,40.2,12500,HOLD
1781488472348,09:54:30,40.15,39.34,40.17,39.18,38.93,2810900.0,111900000.0,40.15,2900,40.13,300,40.12,4700,40.1,5300,40.09,2800,40.16,1100,40.17,200,40.18,16700,40.19,1300,40.2,12500,HOLD
1781488478363,09:54:36,40.15,39.34,40.17,39.18,38.93,2816800.0,112130000.0,40.13,100,40.12,5100,40.1,5300,40.09,2700,40.08,1500,40.15,4500,40.16,1100,40.17,200,40.18,3600,40.19,1300,HOLD
1781488484391,09:54:42,40.16,39.34,40.17,39.18,38.93,2823500.0,112400000.0,40.16,600,40.15,27200,40.14,100,40.13,600,40.12,5100,40.17,200,40.18,3600,40.19,1300,40.2,12500,40.21,2300,HOLD
1781488490411,09:54:45,40.15,39.34,40.17,39.18,38.93,2825600.0,112490000.0,40.15,26500,40.14,100,40.13,1800,40.12,4400,40.1,5500,40.17,200,40.18,3500,40.19,1300,40.2,12500,40.21,2300,HOLD
1781488493404,09:54:48,40.16,39.34,40.17,39.18,38.93,2832800.0,112780000.0,40.16,700,40.15,21000,40.14,100,40.13,1800,40.12,4400,40.17,1000,40.18,3500,40.19,1300,40.2,12000,40.21,2300,HOLD
1781488496415,09:54:54,40.16,39.34,40.17,39.18,38.93,2834000.0,112830000.0,40.15,21900,40.14,200,40.13,2900,40.12,4400,40.1,1400,40.16,500,40.17,1300,40.18,3900,40.19,1300,40.2,13500,HOLD
1781488499426,09:54:57,40.17,39.34,40.17,39.18,38.93,2836600.0,112930000.0,40.17,3000,40.15,21400,40.14,300,40.13,2900,40.12,4400,40.18,3900,40.19,1800,40.2,13600,40.21,2200,40.22,2400,HOLD
1781488502434,09:55:00,40.17,39.34,40.17,39.18,38.93,2842100.0,113150000.0,40.17,100,40.16,100,40.15,21400,40.14,200,40.13,3000,40.18,13300,40.19,1800,40.2,14300,40.21,2200,40.22,2400,HOLD
1781488508453,09:55:06,40.17,39.34,40.17,39.18,38.93,2844500.0,113250000.0,40.16,1000,40.15,20600,40.14,200,40.13,3000,40.12,4400,40.17,4300,40.18,13800,40.19,1800,40.2,14800,40.21,2200,HOLD
1781488511463,09:55:09,40.16,39.34,40.17,39.18,38.93,2844600.0,113250000.0,40.16,1600,40.15,20700,40.14,200,40.13,3000,40.12,4400,40.17,4900,40.18,13800,40.19,1800,40.2,14800,40.21,2200,HOLD
1781488517490,09:55:12,40.17,39.34,40.17,39.18,38.93,2847800.0,113380000.0,40.15,20800,40.14,200,40.13,3000,40.12,4400,40.1,1400,40.16,100,40.17,4500,40.18,13800,40.19,1800,40.2,14900,HOLD
1781488520493,09:55:15,40.17,39.34,40.17,39.18,38.93,2848500.0,113410000.0,40.15,21000,40.14,200,40.13,1800,40.12,4400,40.1,900,40.17,3900,40.18,7000,40.19,1800,40.2,14900,40.21,2200,HOLD
1781488523507,09:55:21,40.16,39.34,40.17,39.18,38.93,2852800.0,113580000.0,40.16,2100,40.15,19600,40.14,200,40.13,2100,40.12,4400,40.17,3300,40.18,6600,40.19,1800,40.2,14900,40.21,2200,HOLD
1781488526513,09:55:24,40.16,39.34,40.17,39.18,38.93,2854600.0,113650000.0,40.16,1000,40.15,19600,40.14,200,40.13,2100,40.12,4400,40.17,8800,40.18,6600,40.19,1800,40.2,14900,40.21,2100,HOLD
1781488532521,09:55:30,40.16,39.34,40.17,39.18,38.93,2857300.0,113760000.0,40.16,2500,40.15,19600,40.14,200,40.13,2100,40.12,4400,40.17,8600,40.18,6600,40.19,2000,40.2,14900,40.21,2100,HOLD
1781488538530,09:55:36,40.15,39.34,40.17,39.18,38.93,2874200.0,114440000.0,40.15,20300,40.14,500,40.13,1700,40.12,4400,40.1,900,40.18,11100,40.19,2100,40.2,14200,40.21,2100,40.22,2300,HOLD
1781488541544,09:55:39,40.14,39.34,40.17,39.18,38.93,2895200.0,115280000.0,40.13,1700,40.12,4400,40.11,300,40.1,900,40.09,1900,40.14,2800,40.15,200,40.16,4000,40.18,11700,40.19,2100,HOLD
1781488544558,09:55:42,40.09,39.34,40.17,39.18,38.93,2902800.0,115590000.0,40.09,1700,40.08,1500,40.07,3000,40.06,1300,40.05,100,40.13,900,40.14,2000,40.15,400,40.16,4300,40.18,13000,HOLD
1781488550579,09:55:48,40.1,39.34,40.17,39.18,38.93,2905900.0,115710000.0,40.1,200,40.09,2600,40.08,400,40.07,3000,40.06,1500,40.12,5000,40.13,600,40.14,1400,40.15,900,40.16,4200,HOLD
1781488556602,09:55:54,40.08,39.34,40.17,39.18,38.93,2908900.0,115830000.0,40.07,3000,40.06,1200,40.05,100,40.04,500,40.03,11800,40.08,600,40.09,1200,40.1,200,40.12,5200,40.13,600,HOLD
1781488562625,09:55:57,40.07,39.34,40.17,39.18,38.93,2909400.0,115850000.0,40.07,2500,40.06,1200,40.04,500,40.03,11800,40.02,1000,40.08,2500,40.09,1400,40.1,200,40.12,5200,40.15,1900,HOLD
1781488565631,09:56:03,40.06,39.34,40.17,39.18,38.93,2915100.0,116080000.0,40.05,100,40.04,700,40.03,1400,40.02,1000,40.01,7700,40.06,600,40.07,1100,40.08,1400,40.09,1400,40.1,300,HOLD
1781488568640,09:56:06,40.07,39.34,40.17,39.18,38.93,2917300.0,116170000.0,40.05,1000,40.04,1400,40.03,2100,40.02,1000,40.01,7700,40.07,200,40.08,1400,40.09,300,40.1,300,40.11,100,HOLD
1781488571650,09:56:09,40.07,39.34,40.17,39.18,38.93,2917900.0,116190000.0,40.05,1300,40.04,1500,40.03,1400,40.02,1000,40.01,7700,40.06,300,40.07,2000,40.08,1400,40.09,200,40.1,300,HOLD
1781488574656,09:56:12,40.05,39.34,40.17,39.18,38.93,2920000.0,116280000.0,40.04,1300,40.03,1400,40.02,1200,40.01,7800,40.0,2300,40.05,8500,40.06,300,40.07,2000,40.08,100,40.09,200,HOLD
1781488577660,09:56:15,40.04,39.34,40.17,39.18,38.93,2920100.0,116280000.0,40.04,1200,40.03,2100,40.02,1200,40.01,7800,40.0,2300,40.05,8600,40.06,300,40.07,2200,40.08,100,40.09,200,HOLD
1781488580670,09:56:18,40.04,39.34,40.17,39.18,38.93,2921300.0,116330000.0,40.04,1000,40.03,2100,40.02,1000,40.01,7800,40.0,2300,40.05,7600,40.06,300,40.07,1900,40.08,100,40.09,200,HOLD
1781488583676,09:56:21,40.04,39.34,40.17,39.18,38.93,2923500.0,116420000.0,40.04,1100,40.03,2400,40.02,1000,40.01,7800,40.0,2300,40.05,5500,40.06,800,40.07,1900,40.08,100,40.09,200,HOLD
1781488586690,09:56:24,40.04,39.34,40.17,39.18,38.93,2925200.0,116490000.0,40.03,2400,40.02,1000,40.01,7800,40.0,2300,39.98,4500,40.04,2800,40.05,4900,40.06,800,40.07,500,40.08,100,HOLD
1781488589695,09:56:27,40.03,39.34,40.17,39.18,38.93,2925900.0,116510000.0,40.03,1700,40.02,800,40.01,7800,40.0,2300,39.98,4500,40.04,5900,40.05,4900,40.06,800,40.07,500,40.08,800,HOLD
1781488592712,09:56:30,40.04,39.34,40.17,39.18,38.93,2937200.0,116970000.0,40.01,1600,40.0,2300,39.98,4500,39.97,3000,39.95,400,40.03,200,40.04,5700,40.05,4900,40.06,800,40.07,500,HOLD
1781488595717,09:56:33,40.03,39.34,40.17,39.18,38.93,2937900.0,116990000.0,40.01,1100,40.0,2600,39.98,4400,39.97,3000,39.95,400,40.02,200,40.03,1000,40.04,5600,40.05,4900,40.06,800,HOLD
1781488598721,09:56:36,40.01,39.34,40.17,39.18,38.93,2939100.0,117040000.0,40.01,600,40.0,2600,39.98,4400,39.97,3100,39.95,400,40.02,200,40.03,500,40.04,5300,40.05,4900,40.06,800,HOLD
1781488601729,09:56:39,40.01,39.34,40.17,39.18,38.93,2939800.0,117070000.0,40.0,2400,39.99,200,39.98,4600,39.97,3100,39.95,400,40.01,1400,40.02,100,40.03,500,40.04,6200,40.05,4800,HOLD
1781488604733,09:56:42,40.02,39.34,40.17,39.18,38.93,2941500.0,117140000.0,40.0,2700,39.99,200,39.98,4600,39.97,3000,39.95,400,40.01,1500,40.03,13000,40.04,6200,40.05,4800,40.06,300,HOLD
1781488607740,09:56:45,40.01,39.34,40.17,39.18,38.93,2943500.0,117220000.0,40.01,100,40.0,2700,39.99,200,39.98,4600,39.97,3000,40.03,13100,40.04,6100,40.05,500,40.06,300,40.08,700,HOLD
1781488610751,09:56:48,40.01,39.34,40.17,39.18,38.93,2944100.0,117240000.0,40.0,3100,39.99,200,39.98,4600,39.97,3000,39.95,400,40.03,13000,40.04,6100,40.05,500,40.06,300,40.08,700,HOLD
1781488616764,09:56:54,40.0,39.34,40.17,39.18,38.93,2957300.0,117770000.0,39.99,11900,39.98,4400,39.97,3000,39.95,400,39.92,3000,40.0,2200,40.03,12400,40.04,10200,40.05,500,40.06,300,HOLD
1781488619770,09:56:57,39.99,39.34,40.17,39.18,38.93,2961700.0,117950000.0,39.99,11000,39.98,4400,39.97,3000,39.95,400,39.92,3000,40.0,100,40.03,11500,40.04,10200,40.05,500,40.06,300,HOLD
1781488622775,09:57:00,40.0,39.34,40.17,39.18,38.93,2964300.0,118050000.0,40.0,3200,39.99,11000,39.98,4400,39.97,3100,39.95,400,40.03,11500,40.04,10200,40.05,500,40.06,300,40.08,700,HOLD
1781488625779,09:57:03,40.01,39.34,40.17,39.18,38.93,2964800.0,118070000.0,40.01,100,40.0,3200,39.99,11000,39.98,4600,39.97,3100,40.03,11500,40.04,10200,40.05,500,40.06,500,40.08,700,HOLD
1781488628796,09:57:06,40.07,39.34,40.17,39.18,38.93,2988500.0,119020000.0,40.07,3100,40.06,1000,40.05,100,40.04,1500,40.03,8600,40.1,1700,40.11,100,40.12,5900,40.14,200,40.15,3400,HOLD
1781488631809,09:57:09,40.07,39.34,40.17,39.18,38.93,2991100.0,119120000.0,40.07,2400,40.06,1000,40.05,100,40.04,1500,40.03,7600,40.1,200,40.11,100,40.12,5900,40.14,200,40.15,3400,HOLD
1781488634811,09:57:12,40.1,39.34,40.17,39.18,38.93,2992400.0,119180000.0,40.1,1600,40.08,800,40.07,1800,40.06,1000,40.05,100,40.11,100,40.12,5900,40.14,200,40.15,3400,40.16,4000,HOLD
1781488637828,09:57:15,40.1,39.34,40.17,39.18,38.93,2994100.0,119240000.0,40.1,800,40.08,200,40.07,1800,40.06,1000,40.05,100,40.12,5900,40.14,200,40.15,3400,40.16,4000,40.17,2900,HOLD
1781488640834,09:57:18,40.12,39.34,40.17,39.18,38.93,2998100.0,119400000.0,40.1,800,40.08,200,40.07,1800,40.06,1000,40.05,100,40.12,2100,40.14,200,40.15,3400,40.16,4000,40.17,2900,HOLD
1781488643838,09:57:21,40.1,39.34,40.17,39.18,38.93,2998400.0,119420000.0,40.1,600,40.08,300,40.07,9400,40.06,1000,40.05,100,40.12,2100,40.14,200,40.15,3400,40.16,4000,40.17,2900,HOLD
1781488646839,09:57:24,40.12,39.34,40.17,39.18,38.93,3000500.0,119500000.0,40.12,200,40.1,900,40.08,300,40.07,9500,40.06,1000,40.14,200,40.15,3500,40.16,3700,40.17,3000,40.18,10600,HOLD
1781488649851,09:57:27,40.12,39.34,40.17,39.18,38.93,3000600.0,119500000.0,40.12,200,40.1,1000,40.08,300,40.07,9500,40.06,1000,40.14,300,40.15,3500,40.16,3700,40.17,3000,40.18,10600,HOLD
1781488655869,09:57:33,40.12,39.34,40.17,39.18,38.93,3001200.0,119530000.0,40.1,1000,40.08,300,40.07,9500,40.06,1000,40.05,100,40.12,1200,40.14,200,40.15,6100,40.16,3700,40.17,2500,HOLD
1781488658873,09:57:36,40.1,39.34,40.17,39.18,38.93,3001500.0,119540000.0,40.1,1000,40.08,300,40.07,9500,40.06,900,40.04,1500,40.12,1200,40.14,200,40.15,6100,40.16,3700,40.17,2500,HOLD
1781488661884,09:57:39,40.12,39.34,40.17,39.18,38.93,3001600.0,119540000.0,40.1,1000,40.08,300,40.07,9500,40.06,900,40.04,1500,40.12,1600,40.14,200,40.15,6300,40.16,3700,40.17,2500,HOLD
1781488664886,09:57:42,40.1,39.34,40.17,39.18,38.93,3002600.0,119580000.0,40.08,500,40.07,9400,40.04,1500,40.03,200,40.02,800,40.1,1400,40.12,2300,40.14,200,40.15,4900,40.16,3700,HOLD
1781488667894,09:57:45,40.1,39.34,40.17,39.18,38.93,3002700.0,119590000.0,40.09,100,40.08,500,40.07,9400,40.04,1800,40.03,200,40.1,6400,40.12,3800,40.14,200,40.15,4900,40.16,3700,HOLD
1781488670907,09:57:48,40.1,39.34,40.17,39.18,38.93,3003200.0,119610000.0,40.09,100,40.08,600,40.07,9400,40.04,1800,40.03,200,40.1,6100,40.12,4000,40.14,200,40.15,4900,40.16,3700,HOLD
1781488673921,09:57:51,40.1,39.34,40.17,39.18,38.93,3005500.0,119700000.0,40.08,1200,40.07,9400,40.04,1800,40.03,200,40.02,800,40.1,300,40.12,2500,40.13,200,40.14,200,40.15,4400,HOLD
1781488676930,09:57:54,40.12,39.34,40.17,39.18,38.93,3009800.0,119870000.0,40.1,100,40.09,200,40.08,900,40.07,9500,40.05,1300,40.12,400,40.13,200,40.14,200,40.15,4400,40.16,3700,HOLD
1781488679944,09:57:57,40.13,39.34,40.17,39.18,38.93,3010500.0,119900000.0,40.13,1600,40.12,600,40.1,1400,40.09,200,40.08,900,40.14,200,40.15,4400,40.16,3700,40.17,2500,40.18,10600,HOLD
1781488682959,09:58:00,40.15,39.34,40.17,39.18,38.93,3013100.0,120010000.0,40.14,500,40.13,3500,40.12,600,40.1,1400,40.09,200,40.15,2900,40.16,3700,40.17,2500,40.18,10600,40.19,1900,HOLD
1781488685960,09:58:03,40.16,39.34,40.17,39.18,38.93,3021000.0,120320000.0,40.16,300,40.14,1500,40.13,2700,40.12,600,40.11,1300,40.17,2500,40.18,10600,40.19,1900,40.2,16900,40.21,2200,HOLD
1781488688968,09:58:06,40.17,39.34,40.17,39.18,38.93,3021900.0,120360000.0,40.16,1500,40.15,600,40.14,1500,40.13,2700,40.11,1300,40.17,1900,40.18,9800,40.19,1900,40.2,16900,40.21,2200,HOLD
1781488691979,09:58:09,40.17,39.34,40.17,39.18,38.93,3022800.0,120400000.0,40.16,1300,40.15,600,40.14,1500,40.13,2700,40.11,1300,40.17,1200,40.18,9800,40.19,1900,40.2,16900,40.21,2200,HOLD
1781488694986,09:58:12,40.16,39.34,40.18,39.18,38.93,3025300.0,120500000.0,40.17,600,40.16,200,40.14,1500,40.13,2700,40.11,1300,40.18,9700,40.19,1900,40.2,16900,40.21,2200,40.22,2300,HOLD
1781488698001,09:58:15,40.17,39.34,40.18,39.18,38.93,3025800.0,120520000.0,40.17,100,40.16,200,40.14,1500,40.13,2700,40.11,1300,40.18,10700,40.19,1700,40.2,16900,40.21,2200,40.22,2300,HOLD
1781488701003,09:58:18,40.18,39.34,40.18,39.18,38.93,3027200.0,120570000.0,40.14,1500,40.13,2700,40.11,1300,40.1,1000,40.09,200,40.17,100,40.18,10400,40.19,1700,40.2,17900,40.21,2200,HOLD
1781488704015,09:58:21,40.17,39.34,40.18,39.18,38.93,3027600.0,120590000.0,40.15,100,40.14,1100,40.13,2700,40.11,1300,40.1,1000,40.17,800,40.18,10500,40.19,1700,40.2,17900,40.21,2200,HOLD
1781488710038,09:58:27,40.11,39.34,40.18,39.18,38.93,3033200.0,120810000.0,40.11,1700,40.1,1000,40.09,200,40.08,700,40.07,7600,40.13,1100,40.14,1600,40.17,3700,40.18,10500,40.19,4700,HOLD
1781488713040,09:58:30,40.11,39.34,40.18,39.18,38.93,3033200.0,120810000.0,40.11,1700,40.1,1000,40.09,200,40.08,700,40.07,7700,40.12,300,40.13,400,40.14,100,40.17,3700,40.18,10800,HOLD
1781488719059,09:58:36,40.13,39.34,40.18,39.18,38.93,3035000.0,120880000.0,40.12,500,40.11,1600,40.1,1000,40.09,1700,40.08,700,40.13,100,40.14,100,40.16,800,40.17,3900,40.18,10900,HOLD
1781488725076,09:58:42,40.1,39.34,40.18,39.18,38.93,3040200.0,121090000.0,40.09,1700,40.08,700,40.07,7700,40.04,1700,40.03,200,40.1,5400,40.11,3300,40.12,400,40.13,600,40.14,100,HOLD
1781488728081,09:58:45,40.1,39.34,40.18,39.18,38.93,3041100.0,121130000.0,40.09,1800,40.08,700,40.07,7700,40.04,1700,40.03,200,40.1,5200,40.11,3300,40.12,400,40.13,600,40.14,100,HOLD
1781488734097,09:58:51,40.11,39.34,40.18,39.18,38.93,3057800.0,121800000.0,40.11,100,40.1,800,40.09,2500,40.08,700,40.07,8000,40.13,200,40.15,30800,40.16,16300,40.17,4500,40.18,12100,HOLD
1781488737094,09:58:54,40.1,39.34,40.18,39.18,38.93,3058100.0,121810000.0,40.1,1000,40.09,2500,40.08,700,40.07,8100,40.04,1700,40.13,200,40.15,5200,40.16,16300,40.17,4700,40.18,12100,HOLD
1781488740108,09:58:57,40.1,39.34,40.18,39.18,38.93,3060100.0,121890000.0,40.13,600,40.12,400,40.1,300,40.09,2500,40.08,700,40.15,4300,40.16,16300,40.17,4700,40.18,12200,40.19,5700,HOLD
1781488743112,09:59:00,40.11,39.34,40.18,39.18,38.93,3063000.0,122010000.0,40.13,6100,40.12,900,40.11,500,40.1,300,40.09,1000,40.15,2400,40.16,16300,40.17,3700,40.18,12200,40.19,5700,HOLD
1781488746122,09:59:03,40.13,39.34,40.18,39.18,38.93,3063500.0,122030000.0,40.14,200,40.13,6300,40.12,1200,40.11,500,40.1,300,40.15,2200,40.16,16300,40.17,4200,40.18,12400,40.19,5700,HOLD
1781488749132,09:59:06,40.13,39.34,40.18,39.18,38.93,3066000.0,122130000.0,40.14,3500,40.13,7400,40.12,1200,40.1,300,40.09,1000,40.15,4800,40.16,16300,40.17,4200,40.18,12700,40.19,5700,HOLD
1781488752139,09:59:09,40.15,39.34,40.18,39.18,38.93,3066400.0,122140000.0,40.14,4900,40.13,7100,40.12,1200,40.1,300,40.09,1000,40.15,4400,40.16,16300,40.17,3700,40.18,12700,40.19,5700,HOLD
1781488755153,09:59:12,40.15,39.34,40.18,39.18,38.93,3070300.0,122300000.0,40.14,2800,40.13,7100,40.12,1200,40.1,300,40.09,1000,40.15,2800,40.16,16300,40.17,3700,40.18,12700,40.19,5700,HOLD
1781488758162,09:59:15,40.16,39.34,40.18,39.18,38.93,3073400.0,122430000.0,40.15,8000,40.14,2300,40.13,7100,40.12,300,40.1,300,40.16,16100,40.17,3700,40.18,12700,40.19,5700,40.2,21500,HOLD
1781488761171,09:59:18,40.16,39.34,40.18,39.18,38.93,3074100.0,122450000.0,40.15,7600,40.14,2600,40.13,7100,40.12,300,40.1,300,40.16,15900,40.17,3700,40.18,12700,40.19,5700,40.2,21500,HOLD
1781488764184,09:59:21,40.15,39.34,40.18,39.18,38.93,3075000.0,122490000.0,40.15,7800,40.14,2500,40.13,7100,40.12,300,40.1,300,40.16,15300,40.17,3500,40.18,12700,40.19,5700,40.2,21500,HOLD
1781488770200,09:59:27,40.15,39.34,40.18,39.18,38.93,3086700.0,122960000.0,40.13,2900,40.12,400,40.1,300,40.09,1000,40.08,700,40.14,300,40.15,100,40.16,16000,40.17,3600,40.18,14700,HOLD
1781488773217,09:59:30,40.07,39.34,40.18,39.18,38.93,3102800.0,123610000.0,40.04,1600,40.03,200,40.02,400,40.01,200,40.0,3500,40.07,300,40.13,600,40.14,2000,40.15,200,40.16,16100,HOLD
1781488779229,09:59:36,40.13,39.34,40.18,39.18,38.93,3105300.0,123710000.0,40.08,100,40.07,1800,40.05,200,40.04,1900,40.03,200,40.13,1000,40.15,500,40.16,16500,40.17,3400,40.18,14700,HOLD
1781488785247,09:59:39,40.13,39.34,40.18,39.18,38.93,3108800.0,123850000.0,40.08,200,40.07,1000,40.05,200,40.04,1900,40.03,200,40.13,900,40.15,500,40.16,15900,40.17,3400,40.18,14700,HOLD
1781488788257,09:59:42,40.13,39.34,40.18,39.18,38.93,3110900.0,123930000.0,40.07,400,40.05,200,40.04,1900,40.03,200,40.02,400,40.08,100,40.13,300,40.14,200,40.15,400,40.16,16300,HOLD
1781488791267,09:59:48,40.12,39.34,40.18,39.18,38.93,3112800.0,124010000.0,40.08,300,40.07,200,40.06,700,40.05,4600,40.04,1900,40.12,2200,40.15,1600,40.16,17700,40.17,3400,40.18,26100,HOLD
1781488797288,09:59:54,40.13,39.34,40.18,39.18,38.93,3117800.0,124210000.0,40.13,6100,40.12,2000,40.1,2200,40.09,8400,40.08,2300,40.15,2100,40.16,17700,40.17,3700,40.18,31100,40.19,5700,HOLD
1781488800298,09:59:57,40.15,39.34,40.18,39.18,38.93,3119900.0,124290000.0,40.13,11200,40.12,2900,40.1,2400,40.09,8600,40.08,1400,40.15,700,40.16,17700,40.17,3400,40.18,44200,40.19,5700,HOLD
1781488803314,10:00:00,40.15,39.34,40.18,39.18,38.93,3136400.0,124950000.0,40.1,2400,40.09,6400,40.08,1400,40.06,800,40.05,3800,40.15,300,40.16,17700,40.17,3400,40.18,44200,40.19,5700,HOLD
1781488806326,10:00:03,40.15,39.34,40.18,39.18,38.93,3142000.0,125180000.0,40.13,400,40.12,100,40.11,200,40.1,5100,40.09,3700,40.15,1200,40.16,16900,40.17,3500,40.18,44200,40.19,5700,HOLD
1781488809327,10:00:06,40.14,39.34,40.18,39.18,38.93,3149200.0,125470000.0,40.13,10400,40.11,300,40.1,5000,40.09,3700,40.08,1400,40.15,1500,40.16,16900,40.17,3500,40.18,44400,40.19,5700,HOLD
1781488812344,10:00:09,40.15,39.34,40.18,39.18,38.93,3157100.0,125780000.0,40.14,100,40.13,10400,40.11,100,40.1,5000,40.09,3400,40.16,13600,40.17,3500,40.18,44400,40.19,5700,40.2,18000,HOLD
1781488815365,10:00:12,40.16,39.34,40.18,39.18,38.93,3158100.0,125820000.0,40.15,5600,40.14,400,40.13,10500,40.12,1300,40.1,5000,40.16,13100,40.17,3500,40.18,44400,40.19,5700,40.2,18000,HOLD
1781488818363,10:00:15,40.14,39.34,40.18,39.18,38.93,3165500.0,126120000.0,40.13,10500,40.12,1300,40.1,5000,40.09,3500,40.08,1800,40.15,100,40.16,12800,40.17,3500,40.18,44400,40.19,5700,HOLD
1781488821369,10:00:18,40.1,39.34,40.18,39.18,38.93,3178300.0,126640000.0,40.1,4500,40.09,3600,40.08,1800,40.06,800,40.05,200,40.12,100,40.14,200,40.15,1200,40.16,13800,40.17,3500,HOLD
1781488824375,10:00:21,40.12,39.34,40.18,39.18,38.93,3179400.0,126680000.0,40.11,100,40.1,4300,40.09,3600,40.08,1400,40.06,800,40.12,300,40.13,10000,40.14,200,40.15,600,40.16,13800,HOLD
1781488827385,10:00:24,40.12,39.34,40.18,39.18,38.93,3179400.0,126680000.0,40.11,100,40.1,4300,40.09,3600,40.08,1400,40.06,800,40.12,1100,40.13,10000,40.14,200,40.15,600,40.16,14000,HOLD
1781488830386,10:00:27,40.11,39.34,40.18,39.18,38.93,3179600.0,126690000.0,40.1,4600,40.09,3600,40.08,1400,40.06,800,40.05,200,40.11,600,40.12,1100,40.13,10100,40.14,200,40.15,2000,HOLD
1781488833400,10:00:30,40.11,39.34,40.18,39.18,38.93,3180100.0,126710000.0,40.1,4700,40.09,3200,40.08,6500,40.06,800,40.05,200,40.11,500,40.12,1800,40.13,10100,40.14,200,40.15,3000,HOLD
1781488836414,10:00:33,40.11,39.34,40.18,39.18,38.93,3181100.0,126750000.0,40.1,4600,40.09,3100,40.08,6500,40.06,800,40.05,200,40.12,6900,40.13,10100,40.14,200,40.15,3000,40.16,14000,HOLD
1781488839419,10:00:36,40.09,39.34,40.18,39.18,38.93,3186600.0,126970000.0,40.09,2200,40.08,6500,40.06,900,40.05,200,40.04,1900,40.1,300,40.11,100,40.12,7100,40.13,11100,40.14,100,HOLD
1781488842433,10:00:39,40.1,39.34,40.18,39.18,38.93,3186900.0,126980000.0,40.09,2100,40.08,6500,40.06,900,40.05,200,40.04,1900,40.1,1000,40.11,100,40.12,6800,40.13,11100,40.14,100,HOLD
1781488845438,10:00:42,40.1,39.34,40.18,39.18,38.93,3187400.0,127000000.0,40.09,1700,40.08,6500,40.06,900,40.05,200,40.04,1900,40.1,900,40.11,100,40.12,6800,40.13,11100,40.14,100,HOLD
1781488848448,10:00:45,40.1,39.34,40.18,39.18,38.93,3189700.0,127090000.0,40.09,900,40.08,6500,40.06,900,40.05,200,40.04,1900,40.1,1400,40.11,100,40.12,6800,40.13,11100,40.14,100,HOLD
1781488851460,10:00:48,40.1,39.34,40.18,39.18,38.93,3189700.0,127090000.0,40.09,1000,40.08,6500,40.06,900,40.05,200,40.04,2000,40.1,1400,40.11,1300,40.12,6800,40.13,11100,40.14,100,HOLD
1781488854469,10:00:51,40.09,39.34,40.18,39.18,38.93,3190500.0,127120000.0,40.09,400,40.08,6500,40.06,900,40.05,200,40.04,2000,40.1,1500,40.11,26300,40.12,6800,40.13,11300,40.14,100,HOLD
1781488857493,10:00:54,40.09,39.34,40.18,39.18,38.93,3191000.0,127140000.0,40.08,6500,40.07,200,40.06,900,40.05,200,40.04,2000,40.09,3400,40.1,1600,40.11,26200,40.12,5800,40.13,11300,HOLD
1781488860492,10:00:57,40.09,39.34,40.18,39.18,38.93,3191700.0,127170000.0,40.08,1700,40.07,200,40.06,900,40.05,300,40.04,2000,40.09,2700,40.1,2100,40.11,26200,40.12,5800,40.13,11300,HOLD
1781488863499,10:01:00,40.09,39.34,40.18,39.18,38.93,3195600.0,127330000.0,40.07,400,40.06,1500,40.05,300,40.04,2000,40.03,200,40.09,2800,40.1,2100,40.11,26200,40.12,5800,40.13,11300,HOLD
1781488866513,10:01:03,40.07,39.34,40.18,39.18,38.93,3195800.0,127340000.0,40.07,300,40.06,1500,40.05,300,40.04,2000,40.03,200,40.09,3200,40.1,2100,40.11,26200,40.12,5800,40.13,10300,HOLD
1781488869522,10:01:06,40.13,39.34,40.18,39.18,38.93,3234400.0,128890000.0,40.12,200,40.11,1300,40.1,1900,40.09,4400,40.08,100,40.13,10000,40.14,100,40.15,8300,40.16,13900,40.17,2500,HOLD
1781488872530,10:01:09,40.11,39.34,40.18,39.18,38.93,3258000.0,129830000.0,40.12,700,40.11,900,40.09,4400,40.08,100,40.07,200,40.16,13100,40.17,2500,40.18,45000,40.19,5700,40.2,18200,HOLD
1781488875548,10:01:12,40.13,39.34,40.18,39.18,38.93,3261400.0,129970000.0,40.13,1000,40.12,1000,40.11,900,40.09,4400,40.08,100,40.16,10900,40.17,2500,40.18,45000,40.19,5700,40.2,18200,HOLD
1781488878558,10:01:15,40.13,39.34,40.18,39.18,38.93,3261700.0,129980000.0,40.13,300,40.12,1000,40.11,900,40.09,4400,40.08,100,40.15,100,40.16,10900,40.17,2500,40.18,45000,40.19,5700,HOLD
