local_time_ms,server_time,price,open,high,low,prev_close,cum_volume,cum_amount,bp1,bv1,bp2,bv2,bp3,bv3,bp4,bv4,bp5,bv5,sp1,sv1,sp2,sv2,sp3,sv3,sp4,sv4,sp5,sv5,signal
1780968849835,09:34:06,41.7,41.99,41.99,41.22,41.36,686100.0,28520000.0,41.68,100,41.67,1900,41.66,1800,41.63,400,41.62,1300,41.74,2400,41.75,700,41.78,200,41.79,200,41.8,8600,HOLD
1780968852836,09:34:09,41.68,41.99,41.99,41.22,41.36,686800.0,28550000.0,41.67,2400,41.66,1800,41.63,400,41.62,1300,41.6,4900,41.74,2000,41.75,700,41.78,200,41.79,200,41.8,8600,HOLD
1780968855850,09:34:12,41.7,41.99,41.99,41.22,41.36,688100.0,28600000.0,41.68,100,41.67,2400,41.66,1800,41.63,400,41.62,1300,41.7,200,41.72,300,41.74,900,41.75,700,41.78,200,HOLD
1780968858859,09:34:15,41.68,41.99,41.99,41.22,41.36,691100.0,28730000.0,41.68,800,41.67,800,41.66,1800,41.63,400,41.62,1300,41.7,500,41.72,1200,41.74,900,41.75,700,41.78,200,HOLD
1780968861862,09:34:18,41.7,41.99,41.99,41.22,41.36,692900.0,28800000.0,41.68,700,41.67,800,41.66,1800,41.65,400,41.63,400,41.7,600,41.72,700,41.74,900,41.75,700,41.78,200,HOLD
1780968864869,09:34:21,41.7,41.99,41.99,41.22,41.36,693800.0,28840000.0,41.68,100,41.67,800,41.66,1800,41.65,400,41.63,400,41.7,3500,41.72,700,41.74,900,41.75,700,41.78,200,HOLD
1780968867874,09:34:24,41.67,41.99,41.99,41.22,41.36,702000.0,29180000.0,41.66,1800,41.65,400,41.63,400,41.62,1300,41.6,4900,41.68,300,41.72,700,41.74,900,41.75,700,41.78,200,HOLD
1780968870876,09:34:27,41.7,41.99,41.99,41.22,41.36,702700.0,29210000.0,41.7,800,41.69,500,41.66,1700,41.65,400,41.63,500,41.72,600,41.74,800,41.75,700,41.78,200,41.79,200,HOLD
1780968873879,09:34:30,41.65,41.99,41.99,41.22,41.36,708900.0,29470000.0,41.63,500,41.62,1300,41.6,5500,41.59,100,41.58,1400,41.65,1100,41.66,2900,41.71,100,41.72,600,41.74,800,HOLD
1780968876884,09:34:33,41.62,41.99,41.99,41.22,41.36,711600.0,29580000.0,41.6,5100,41.59,100,41.58,600,41.55,2500,41.5,1600,41.63,200,41.64,400,41.68,5000,41.7,10000,41.71,100,HOLD
1780968879891,09:34:36,41.6,41.99,41.99,41.22,41.36,713500.0,29660000.0,41.63,100,41.6,3700,41.59,100,41.58,600,41.55,2500,41.64,200,41.68,5000,41.7,10100,41.71,100,41.72,600,HOLD
1780968882923,09:34:39,41.55,41.99,41.99,41.22,41.36,720500.0,29950000.0,41.5,1900,41.48,2900,41.4,11000,41.35,400,41.33,200,41.58,1100,41.6,3800,41.63,800,41.64,600,41.68,5000,HOLD
1780968885908,09:34:42,41.55,41.99,41.99,41.22,41.36,721600.0,30000000.0,41.5,1900,41.48,2900,41.4,11000,41.35,400,41.33,200,41.55,300,41.58,600,41.6,3900,41.63,600,41.64,500,HOLD
1780968888915,09:34:45,41.5,41.99,41.99,41.22,41.36,722100.0,30020000.0,41.52,200,41.5,1600,41.48,3000,41.4,11000,41.36,100,41.55,400,41.58,800,41.6,3900,41.63,500,41.64,500,HOLD
1780968891917,09:34:48,41.5,41.99,41.99,41.22,41.36,723400.0,30070000.0,41.5,1500,41.48,3000,41.4,11100,41.37,400,41.36,100,41.55,300,41.58,200,41.6,3800,41.63,500,41.64,500,HOLD
1780968894925,09:34:51,41.5,41.99,41.99,41.22,41.36,723700.0,30080000.0,41.5,1300,41.48,3000,41.42,200,41.4,11100,41.37,400,41.55,700,41.58,200,41.6,3800,41.63,500,41.64,500,HOLD
1780968897928,09:34:57,41.5,41.99,41.99,41.22,41.36,725200.0,30150000.0,41.5,900,41.48,3000,41.42,200,41.4,11100,41.37,400,41.52,100,41.53,200,41.55,700,41.58,400,41.6,3800,HOLD
1780968903950,09:35:00,41.53,41.99,41.99,41.22,41.36,725600.0,30160000.0,41.52,100,41.5,3000,41.48,3000,41.42,200,41.4,11100,41.55,700,41.58,400,41.6,3800,41.63,500,41.64,500,HOLD
1780968906957,09:35:03,41.58,41.99,41.99,41.22,41.36,728900.0,30300000.0,41.55,200,41.54,100,41.52,300,41.5,10200,41.48,3000,41.58,100,41.6,3800,41.63,500,41.64,500,41.68,5200,HOLD
1780968909978,09:35:06,41.58,41.99,41.99,41.22,41.36,733100.0,30470000.0,41.58,100,41.53,100,41.52,300,41.5,10500,41.48,3000,41.6,3100,41.63,500,41.64,500,41.68,5200,41.69,100,HOLD
1780968912973,09:35:09,41.6,41.99,41.99,41.22,41.36,733400.0,30490000.0,41.58,600,41.52,300,41.5,10800,41.48,3000,41.42,200,41.6,2900,41.63,500,41.64,500,41.68,5200,41.69,100,HOLD
1780968915977,09:35:12,41.6,41.99,41.99,41.22,41.36,738100.0,30680000.0,41.6,13200,41.58,2800,41.52,300,41.51,100,41.5,10500,41.68,5200,41.69,100,41.7,10600,41.73,1000,41.75,700,HOLD
1780968918988,09:35:15,41.68,41.99,41.99,41.22,41.36,743400.0,30900000.0,41.68,5000,41.61,800,41.6,13200,41.58,2800,41.52,300,41.69,100,41.7,10600,41.73,1000,41.75,700,41.78,200,HOLD
1780968922000,09:35:18,41.8,41.99,41.99,41.22,41.36,757000.0,31470000.0,41.79,100,41.75,500,41.73,600,41.7,5000,41.69,600,41.8,8000,41.81,400,41.83,300,41.85,1200,41.86,100,HOLD
1780968925001,09:35:21,41.7,41.99,41.99,41.22,41.36,758400.0,31530000.0,41.75,100,41.7,3900,41.69,200,41.68,5200,41.6,13100,41.8,7700,41.81,400,41.83,300,41.85,1200,41.86,100,HOLD
1780968928011,09:35:24,41.76,41.99,41.99,41.22,41.36,758800.0,31540000.0,41.75,500,41.7,3800,41.69,200,41.68,5200,41.6,13100,41.79,100,41.8,8900,41.81,400,41.83,300,41.85,1200,HOLD
1780968931015,09:35:27,41.79,41.99,41.99,41.22,41.36,760600.0,31620000.0,41.79,2300,41.73,500,41.72,2300,41.71,700,41.7,3800,41.8,9000,41.81,400,41.83,300,41.85,1200,41.86,100,HOLD
1780968934028,09:35:30,41.79,41.99,41.99,41.22,41.36,762300.0,31690000.0,41.79,600,41.73,500,41.72,2300,41.71,700,41.7,3800,41.8,9000,41.81,400,41.83,300,41.85,1300,41.86,100,HOLD
1780968937030,09:35:36,41.83,41.99,41.99,41.22,41.36,773500.0,32160000.0,41.83,200,41.82,200,41.81,100,41.8,200,41.75,800,41.85,1100,41.86,100,41.9,100,41.95,1400,41.97,2400,HOLD
1780968943043,09:35:39,41.8,41.99,41.99,41.22,41.36,774700.0,32210000.0,41.75,800,41.73,3600,41.72,2300,41.71,600,41.7,3800,41.8,10100,41.81,600,41.83,100,41.84,200,41.85,1100,HOLD
1780968946051,09:35:45,41.8,41.99,41.99,41.22,41.36,783800.0,32590000.0,41.74,1300,41.73,5000,41.72,2500,41.71,600,41.7,3800,41.76,300,41.79,100,41.8,4400,41.81,900,41.83,100,HOLD
1780968952065,09:35:48,41.76,41.99,41.99,41.22,41.36,784100.0,32600000.0,41.75,100,41.74,1300,41.73,5000,41.72,2500,41.71,600,41.76,200,41.79,100,41.8,4400,41.81,600,41.83,1000,HOLD
1780968955075,09:35:51,41.8,41.99,41.99,41.22,41.36,791400.0,32910000.0,41.77,100,41.76,1200,41.75,1600,41.74,1400,41.73,5000,41.8,600,41.81,600,41.83,1000,41.85,1300,41.86,100,HOLD
1780968958080,09:35:54,41.8,41.99,41.99,41.22,41.36,792000.0,32930000.0,41.77,200,41.76,1500,41.75,1300,41.74,1300,41.73,5000,41.8,300,41.81,600,41.83,1200,41.85,1300,41.86,100,HOLD
1780968961083,09:35:57,41.85,41.99,41.99,41.22,41.36,795500.0,33080000.0,41.84,2800,41.8,4200,41.77,200,41.76,1900,41.75,1100,41.85,500,41.86,100,41.9,200,41.95,1400,41.97,2400,HOLD
1780968964092,09:36:00,41.85,41.99,41.99,41.22,41.36,796200.0,33110000.0,41.85,2900,41.84,2800,41.8,5200,41.77,200,41.76,1500,41.86,100,41.9,200,41.95,1400,41.97,2400,41.98,800,HOLD
1780968967107,09:36:06,41.76,41.99,41.99,41.22,41.36,820200.0,34110000.0,41.76,500,41.75,1100,41.74,100,41.73,5200,41.72,2500,41.8,3100,41.84,100,41.85,1000,41.9,300,41.95,1400,HOLD
1780968973127,09:36:12,41.78,41.99,41.99,41.22,41.36,824700.0,34300000.0,41.78,1400,41.77,1200,41.76,13000,41.75,1100,41.74,100,41.85,2300,41.87,500,41.9,400,41.93,100,41.94,200,HOLD
1780968979149,09:36:15,41.83,41.99,41.99,41.22,41.36,825900.0,34350000.0,41.78,1500,41.77,1200,41.76,13000,41.75,1100,41.74,100,41.83,200,41.85,2400,41.86,500,41.87,500,41.9,400,HOLD
1780968982153,09:36:18,41.85,41.99,41.99,41.22,41.36,829700.0,34510000.0,41.83,5100,41.79,4200,41.78,1200,41.77,1200,41.76,13000,41.85,33500,41.86,1200,41.87,500,41.9,200,41.93,200,HOLD
1780968985163,09:36:24,41.85,41.99,41.99,41.22,41.36,841900.0,35020000.0,41.84,700,41.83,3700,41.8,200,41.79,4200,41.78,1200,41.85,23500,41.86,700,41.87,500,41.9,200,41.93,200,HOLD
1780968991191,09:36:27,41.89,41.99,41.99,41.22,41.36,868400.0,36130000.0,41.89,400,41.87,800,41.86,6000,41.85,3300,41.84,100,41.9,400,41.93,200,41.94,200,41.95,1400,41.97,200,HOLD
1780968994191,09:36:33,41.97,41.99,41.99,41.22,41.36,871200.0,36250000.0,41.95,1500,41.91,100,41.9,6100,41.89,700,41.87,100,41.98,3600,41.99,10900,42.0,29500,42.01,1300,42.08,300,HOLD
1780969000223,09:36:36,41.98,41.99,41.99,41.22,41.36,871700.0,36270000.0,41.96,300,41.95,2200,41.91,100,41.9,3900,41.89,700,41.98,4500,41.99,11000,42.0,29700,42.01,1300,42.08,300,HOLD
1780969003226,09:36:39,41.98,41.99,41.99,41.22,41.36,879200.0,36580000.0,41.91,1200,41.9,6800,41.89,700,41.87,100,41.85,700,41.98,1500,41.99,11000,42.0,38700,42.01,700,42.08,300,HOLD
1780969006241,09:36:42,41.98,41.99,41.99,41.22,41.36,879600.0,36600000.0,41.93,600,41.92,200,41.91,1200,41.9,6800,41.89,700,41.98,1200,41.99,11000,42.0,38700,42.01,700,42.08,300,HOLD
1780969009250,09:36:45,41.98,41.99,41.99,41.22,41.36,885000.0,36830000.0,41.93,600,41.92,200,41.91,1200,41.9,7100,41.89,700,41.96,200,41.97,100,41.98,500,41.99,11300,42.0,38800,HOLD
1780969012262,09:36:48,41.93,41.99,41.99,41.22,41.36,892200.0,37130000.0,41.92,200,41.91,1200,41.9,6900,41.89,700,41.85,700,41.96,1200,41.97,1700,41.98,1200,41.99,11100,42.0,38800,HOLD
1780969015276,09:36:54,41.98,41.99,41.99,41.22,41.36,917400.0,38180000.0,41.93,3500,41.92,300,41.9,6500,41.89,700,41.85,1100,41.96,1600,41.98,900,41.99,11100,42.0,40100,42.01,700,HOLD
1780969021293,09:36:57,41.96,41.99,41.99,41.22,41.36,919400.0,38270000.0,41.93,3200,41.92,300,41.9,1200,41.89,700,41.85,1100,41.97,900,41.98,2500,41.99,11100,42.0,40200,42.01,700,HOLD
1780969024301,09:37:00,41.97,41.99,41.99,41.22,41.36,921900.0,38370000.0,41.96,300,41.93,3200,41.92,300,41.91,100,41.9,1200,41.98,3500,41.99,11100,42.0,40200,42.01,700,42.08,300,HOLD
1780969027304,09:37:03,41.91,41.99,41.99,41.22,41.36,926400.0,38560000.0,41.9,1100,41.89,700,41.85,1100,41.84,2600,41.83,4200,41.96,7900,41.97,3200,41.98,3500,41.99,11100,42.0,40600,HOLD
1780969030319,09:37:06,41.83,41.99,41.99,41.22,41.36,940800.0,39170000.0,41.81,100,41.8,100,41.79,4200,41.78,1200,41.76,7100,41.83,500,41.89,400,41.95,1200,41.96,5900,41.97,3500,HOLD
1780969033340,09:37:09,41.81,41.99,41.99,41.22,41.36,941800.0,39210000.0,41.8,100,41.79,4200,41.78,1200,41.76,7100,41.75,600,41.88,1400,41.89,400,41.9,5200,41.95,1200,41.96,4900,HOLD
1780969036339,09:37:12,41.79,41.99,41.99,41.22,41.36,947000.0,39420000.0,41.79,300,41.78,1200,41.76,7100,41.75,600,41.74,100,41.88,2800,41.89,400,41.9,5200,41.91,100,41.95,1600,HOLD
1780969039346,09:37:15,41.79,41.99,41.99,41.22,41.36,947000.0,39420000.0,41.81,100,41.8,400,41.79,1000,41.78,1200,41.76,7100,41.87,1900,41.88,3100,41.89,400,41.9,5200,41.91,100,HOLD
1780969042348,09:37:18,41.75,41.99,41.99,41.22,41.36,950700.0,39580000.0,41.75,200,41.74,100,41.73,2600,41.72,200,41.7,1900,41.77,200,41.78,100,41.8,300,41.81,6000,41.87,1900,HOLD
1780969045375,09:37:21,41.78,41.99,41.99,41.22,41.36,951200.0,39600000.0,41.77,100,41.75,300,41.74,100,41.73,2600,41.72,200,41.79,100,41.8,300,41.81,6300,41.87,1900,41.88,1700,HOLD
1780969048371,09:37:24,41.78,41.99,41.99,41.22,41.36,951800.0,39620000.0,41.78,1900,41.77,100,41.75,400,41.74,100,41.73,2600,41.81,5700,41.87,1200,41.88,1700,41.89,200,41.9,5200,HOLD
1780969051374,09:37:30,41.8,41.99,41.99,41.22,41.36,958200.0,39890000.0,41.82,400,41.81,500,41.8,3400,41.79,1900,41.78,400,41.87,300,41.88,1900,41.89,100,41.9,8300,41.91,100,HOLD
1780969057388,09:37:33,41.81,41.99,41.99,41.22,41.36,963300.0,40110000.0,41.8,800,41.79,1900,41.78,400,41.77,700,41.75,400,41.81,200,41.87,300,41.88,700,41.89,300,41.9,9300,HOLD
1780969060392,09:37:39,41.8,41.99,41.99,41.22,41.36,970800.0,40420000.0,41.8,6400,41.79,1900,41.78,400,41.77,600,41.75,400,41.88,1400,41.89,200,41.9,9300,41.91,100,41.94,400,HOLD
1780969063405,09:37:42,41.87,41.99,41.99,41.22,41.36,972300.0,40480000.0,41.82,100,41.81,5300,41.8,7200,41.79,1900,41.78,200,41.88,600,41.89,200,41.9,9300,41.91,100,41.94,400,HOLD
1780969069434,09:37:45,41.82,41.99,41.99,41.22,41.36,973900.0,40550000.0,41.81,6100,41.8,7100,41.79,800,41.78,200,41.77,600,41.88,600,41.89,200,41.9,4600,41.91,100,41.95,1000,HOLD
1780969072448,09:37:51,41.88,41.99,41.99,41.22,41.36,975600.0,40620000.0,41.82,800,41.81,6300,41.8,4400,41.79,800,41.78,200,41.88,1500,41.89,200,41.9,4500,41.95,1000,41.96,1800,HOLD
1780969078465,09:37:54,41.82,41.99,41.99,41.22,41.36,977600.0,40700000.0,41.81,6100,41.8,4300,41.79,800,41.78,200,41.77,600,41.82,2800,41.86,200,41.87,400,41.88,1700,41.89,200,HOLD
1780969081477,09:37:57,41.78,41.99,41.99,41.22,41.36,989000.0,41180000.0,41.78,100,41.77,600,41.75,400,41.73,1600,41.72,200,41.8,1300,41.81,2500,41.82,2800,41.86,200,41.87,500,HOLD
1780969084479,09:38:00,41.77,41.99,41.99,41.22,41.36,989800.0,41210000.0,41.76,300,41.75,400,41.73,200,41.72,200,41.7,2400,41.77,400,41.78,1400,41.79,1400,41.8,1400,41.81,2500,HOLD
1780969087492,09:38:06,41.7,41.99,41.99,41.22,41.36,1005600.0,41870000.0,41.68,100,41.67,100,41.66,2900,41.65,600,41.64,700,41.7,2200,41.75,1000,41.77,400,41.78,1800,41.79,1400,HOLD
1780969090493,09:38:09,41.68,41.99,41.99,41.22,41.36,1006700.0,41920000.0,41.67,100,41.66,2900,41.65,600,41.64,700,41.63,200,41.68,400,41.7,1200,41.75,1000,41.77,400,41.78,1800,HOLD
1780969096518,09:38:12,41.66,41.99,41.99,41.22,41.36,1008700.0,42000000.0,41.66,1700,41.62,400,41.61,900,41.6,3300,41.58,2600,41.67,100,41.68,1600,41.7,1100,41.75,1000,41.78,1800,HOLD
1780969099525,09:38:18,41.67,41.99,41.99,41.22,41.36,1009100.0,42020000.0,41.66,1200,41.62,400,41.61,900,41.6,3300,41.58,2600,41.67,1000,41.68,1700,41.7,1100,41.75,1000,41.78,1800,HOLD
1780969105552,09:38:21,41.66,41.99,41.99,41.22,41.36,1012100.0,42140000.0,41.61,900,41.6,3300,41.58,2600,41.55,1200,41.52,100,41.66,500,41.67,2200,41.68,1700,41.7,1100,41.75,1000,HOLD
1780969108559,09:38:27,41.66,41.99,41.99,41.22,41.36,1012800.0,42170000.0,41.61,1000,41.6,3400,41.58,2600,41.55,1200,41.52,100,41.67,2100,41.68,1700,41.7,900,41.75,1000,41.78,1800,HOLD
1780969114589,09:38:30,41.66,41.99,41.99,41.22,41.36,1013100.0,42180000.0,41.64,100,41.63,1300,41.62,900,41.61,1000,41.6,4400,41.67,2100,41.68,1700,41.7,900,41.75,1000,41.78,1700,HOLD
1780969117596,09:38:33,41.67,41.99,41.99,41.22,41.36,1014300.0,42230000.0,41.67,700,41.66,1800,41.65,200,41.63,1300,41.61,1100,41.68,1700,41.7,900,41.75,1000,41.78,1700,41.79,1400,HOLD
1780969120610,09:38:36,41.68,41.99,41.99,41.22,41.36,1015000.0,42260000.0,41.67,4000,41.66,2000,41.65,200,41.63,1300,41.61,1100,41.68,1000,41.7,900,41.75,1000,41.78,1700,41.79,1400,HOLD
1780969123622,09:38:42,41.68,41.99,41.99,41.22,41.36,1021600.0,42540000.0,41.68,400,41.67,1900,41.66,4700,41.65,2500,41.63,1300,41.7,700,41.75,1000,41.78,1700,41.79,1400,41.8,2300,HOLD
1780969126622,09:38:45,41.67,41.99,41.99,41.22,41.36,1051700.0,43790000.0,41.68,900,41.67,6500,41.66,4700,41.65,2500,41.63,1300,41.7,300,41.75,1000,41.78,1700,41.79,1400,41.8,2300,HOLD
1780969129628,09:38:48,41.75,41.99,41.99,41.22,41.36,1052300.0,43820000.0,41.73,300,41.72,700,41.71,200,41.7,2200,41.68,300,41.78,1700,41.79,1400,41.8,2300,41.81,1200,41.87,500,HOLD
1780969135652,09:38:51,41.7,41.99,41.99,41.22,41.36,1055000.0,43930000.0,41.71,1000,41.7,900,41.68,300,41.67,5500,41.66,4700,41.78,1700,41.79,1400,41.8,2300,41.81,1200,41.87,500,HOLD
1780969138665,09:38:54,41.7,41.99,41.99,41.22,41.36,1055000.0,43930000.0,41.71,1000,41.7,300,41.68,300,41.67,5500,41.66,5400,41.78,1700,41.79,1400,41.8,2300,41.81,1200,41.87,100,HOLD
1780969141670,09:39:00,41.71,41.99,41.99,41.22,41.36,1056800.0,44010000.0,41.7,800,41.68,300,41.67,1000,41.66,5400,41.65,600,41.71,94000,41.78,1800,41.79,1400,41.8,2300,41.81,1200,HOLD
1780969147718,09:39:03,41.66,41.99,41.99,41.22,41.36,1064700.0,44340000.0,41.65,600,41.63,1300,41.62,200,41.61,1100,41.6,6600,41.67,2300,41.68,1900,41.71,94100,41.76,200,41.78,1400,HOLD
1780969150698,09:39:06,41.6,41.99,41.99,41.22,41.36,1072400.0,44660000.0,41.6,2500,41.59,200,41.58,3000,41.56,1500,41.55,1200,41.61,1100,41.62,100,41.63,600,41.65,95800,41.67,1800,HOLD
1780969153705,09:39:12,41.55,41.99,41.99,41.22,41.36,1080600.0,45000000.0,41.55,1100,41.52,700,41.5,4400,41.49,100,41.48,3000,41.58,300,41.59,1300,41.6,7600,41.62,100,41.63,300,HOLD
1780969156729,09:39:15,41.57,41.99,41.99,41.22,41.36,1081000.0,45010000.0,41.56,5600,41.55,1000,41.52,700,41.5,4300,41.49,100,41.57,300,41.58,300,41.59,1300,41.6,4200,41.62,100,HOLD
1780969159724,09:39:18,41.56,41.99,41.99,41.22,41.36,1081700.0,45040000.0,41.56,4900,41.55,1600,41.52,700,41.5,4400,41.49,100,41.57,500,41.58,300,41.59,1300,41.6,3500,41.62,100,HOLD
1780969162737,09:39:21,41.52,41.99,41.99,41.22,41.36,1088900.0,45340000.0,41.52,200,41.5,4600,41.49,100,41.48,3000,41.46,200,41.55,400,41.56,1400,41.57,300,41.58,300,41.59,1300,HOLD
1780969168768,09:39:24,41.51,41.99,41.99,41.0,41.36,1203800.0,50080000.0,41.51,1700,41.5,500,41.49,300,41.47,400,41.34,6700,41.52,200,41.57,34400,41.58,2000,41.59,900,41.6,600,HOLD
1780969171772,09:39:27,41.51,41.99,41.99,41.0,41.36,1209300.0,50310000.0,41.35,5200,41.34,6700,41.33,700,41.02,8000,41.01,2600,41.51,1600,41.52,300,41.56,400,41.57,300,41.58,1300,HOLD
1780969174790,09:39:30,41.51,41.99,41.99,41.0,41.36,1210500.0,50360000.0,41.45,200,41.44,300,41.41,1200,41.36,1200,41.35,3600,41.47,30500,41.51,1400,41.52,300,41.56,400,41.58,1200,HOLD
1780969177795,09:39:33,41.44,41.99,41.99,41.0,41.36,1212500.0,50440000.0,41.41,500,41.36,1200,41.35,3600,41.34,6700,41.33,700,41.44,500,41.45,300,41.46,300,41.47,30600,41.51,500,HOLD
1780969180805,09:39:36,41.43,41.99,41.99,41.0,41.36,1380700.0,57350000.0,41.31,200,41.17,100,41.16,2800,41.15,200,41.14,2800,41.43,3200,41.44,10100,41.46,2200,41.47,16600,41.51,400,HOLD
1780969183811,09:39:42,41.33,41.99,41.99,41.0,41.36,1388000.0,57650000.0,41.32,100,41.31,1100,41.25,500,41.18,2400,41.17,100,41.33,100,41.41,200,41.43,145200,41.44,200,41.45,1100,HOLD
1780969186818,09:39:45,41.26,41.99,41.99,41.0,41.36,1391500.0,57800000.0,41.26,800,41.25,1100,41.18,2400,41.17,100,41.13,1400,41.32,100,41.37,400,41.38,2000,41.39,2700,41.4,8700,HOLD
1780969189828,09:39:48,41.26,41.99,41.99,41.0,41.36,1392600.0,57850000.0,41.26,600,41.25,1100,41.18,3100,41.17,100,41.13,1100,41.32,400,41.38,800,41.39,2700,41.4,2000,41.41,200,HOLD
1780969192832,09:39:51,41.29,41.99,41.99,41.0,41.36,1394200.0,57910000.0,41.29,100,41.28,100,41.27,100,41.26,400,41.25,1100,41.32,300,41.38,800,41.39,2700,41.4,900,41.42,400,HOLD
1780969198844,09:39:54,41.29,41.99,41.99,41.0,41.36,1395800.0,57980000.0,41.29,300,41.26,300,41.25,1100,41.2,100,41.18,3100,41.38,500,41.39,2700,41.4,900,41.42,400,41.44,200,HOLD
1780969201847,09:39:57,41.34,41.99,41.99,41.0,41.36,1397500.0,58050000.0,41.32,100,41.31,700,41.3,100,41.29,1200,41.26,500,41.34,200,41.38,200,41.39,900,41.4,300,41.42,1100,HOLD
1780969204856,09:40:03,41.31,41.99,41.99,41.0,41.36,1549800.0,64300000.0,41.22,200,41.21,1000,41.2,200,41.06,4000,41.05,3300,41.3,100,41.31,5000,41.32,800,41.34,2000,41.38,1300,HOLD
1780969210889,09:40:09,41.36,41.99,41.99,41.0,41.36,1559800.0,64710000.0,41.34,200,41.32,200,41.3,500,41.25,100,41.24,500,41.36,300,41.4,300,41.41,300,41.42,1100,41.45,2000,HOLD
1780969213896,09:40:12,41.4,41.99,41.99,41.0,41.36,1560400.0,64730000.0,41.37,200,41.36,100,41.34,500,41.32,1500,41.31,400,41.4,200,41.41,300,41.42,1100,41.45,2000,41.47,16100,HOLD
1780969216909,09:40:15,41.4,41.99,41.99,41.0,41.36,1560600.0,64740000.0,41.4,1000,41.39,100,41.37,1000,41.36,1800,41.34,400,41.41,400,41.42,1100,41.45,2000,41.47,16100,41.56,400,HOLD
1780969219915,09:40:18,41.41,41.99,41.99,41.0,41.36,1562600.0,64830000.0,41.41,4700,41.4,3700,41.39,100,41.37,1000,41.36,1800,41.44,200,41.45,2100,41.47,16100,41.56,400,41.58,1000,HOLD
1780969222924,09:40:21,41.39,41.99,41.99,41.0,41.36,1571100.0,65180000.0,41.37,800,41.36,1500,41.34,500,41.32,1500,41.31,400,41.4,6500,41.41,9700,41.42,1700,41.44,200,41.45,2100,HOLD
1780969225930,09:40:24,41.4,41.99,41.99,41.0,41.36,1578300.0,65480000.0,41.33,100,41.32,1100,41.31,400,41.3,600,41.25,100,41.37,900,41.4,4300,41.41,9300,41.42,900,41.44,200,HOLD
1780969228934,09:40:27,41.44,41.99,41.99,41.0,41.36,1591700.0,66030000.0,41.42,300,41.41,500,41.4,2800,41.37,3700,41.36,5000,41.44,100,41.45,2100,41.47,16100,41.58,1000,41.6,700,HOLD
1780969234950,09:40:30,41.45,41.99,41.99,41.0,41.36,1592700.0,66070000.0,41.44,300,41.42,500,41.41,600,41.4,4300,41.39,1000,41.45,1600,41.47,16100,41.58,1000,41.6,700,41.78,2300,HOLD
1780969237962,09:40:36,41.44,41.99,41.99,41.0,41.36,1595500.0,66190000.0,41.42,500,41.41,500,41.4,4200,41.39,1000,41.38,100,41.43,100,41.44,3400,41.47,16100,41.58,100,41.6,600,HOLD
1780969240966,09:40:39,41.4,41.99,41.99,41.0,41.36,1604700.0,66570000.0,41.39,900,41.38,100,41.36,5000,41.34,1400,41.33,400,41.4,400,41.42,400,41.43,100,41.44,1300,41.47,16100,HOLD
1780969243972,09:40:42,41.38,41.99,41.99,41.0,41.36,1607700.0,66690000.0,41.36,4100,41.34,1400,41.33,400,41.32,1100,41.31,400,41.39,4200,41.4,100,41.42,700,41.43,100,41.44,1500,HOLD
1780969249993,09:40:48,41.3,41.99,41.99,41.0,41.36,1618000.0,67120000.0,41.3,100,41.29,100,41.27,100,41.25,100,41.24,100,41.31,300,41.36,1000,41.39,3800,41.42,700,41.43,100,HOLD
1780969252994,09:40:51,41.31,41.99,41.99,41.0,41.36,1618400.0,67140000.0,41.27,100,41.25,100,41.24,100,41.23,200,41.22,2200,41.31,900,41.36,1000,41.39,5300,41.43,100,41.44,600,HOLD
1780969259014,09:40:54,41.27,41.99,41.99,41.0,41.36,1620300.0,67210000.0,41.27,700,41.26,300,41.25,100,41.24,100,41.23,200,41.36,1600,41.39,5300,41.43,100,41.44,600,41.47,16100,HOLD
1780969262025,09:40:57,41.27,41.99,41.99,41.0,41.36,1620300.0,67210000.0,41.32,600,41.31,2500,41.28,200,41.27,1100,41.26,300,41.35,200,41.36,1000,41.39,5200,41.43,100,41.44,600,HOLD
1780969265035,09:41:03,41.36,41.99,41.99,41.0,41.36,1622900.0,67320000.0,41.36,300,41.35,2300,41.33,300,41.32,900,41.31,2000,41.38,200,41.39,4800,41.43,100,41.44,600,41.47,16100,HOLD
1780969268051,09:41:06,41.4,41.99,41.99,41.0,41.36,1626000.0,67450000.0,41.39,600,41.36,200,41.35,2000,41.32,900,41.31,2000,41.41,200,41.43,100,41.44,300,41.47,16100,41.55,100,HOLD
1780969274060,09:41:12,41.37,41.99,41.99,41.0,41.36,1631600.0,67680000.0,41.31,1800,41.3,20300,41.28,200,41.27,700,41.26,300,41.37,700,41.38,500,41.39,8300,41.42,2400,41.43,100,HOLD
1780969280085,09:41:18,41.31,41.99,41.99,41.0,41.36,1646900.0,68310000.0,41.3,15900,41.28,1200,41.27,400,41.26,200,41.25,200,41.31,900,41.32,100,41.33,1100,41.35,300,41.37,400,HOLD
1780969286088,09:41:21,41.31,41.99,41.99,41.0,41.36,1659300.0,68830000.0,41.3,6700,41.28,1200,41.27,400,41.26,200,41.25,200,41.33,700,41.35,300,41.38,500,41.39,8600,41.4,100,HOLD
1780969289100,09:41:27,41.31,41.99,41.99,41.0,41.36,1660900.0,68890000.0,41.31,1300,41.3,7500,41.28,1300,41.27,400,41.26,200,41.35,100,41.38,6000,41.39,8600,41.4,100,41.42,2400,HOLD
1780969292113,09:41:30,41.31,41.99,41.99,41.0,41.36,1663600.0,69000000.0,41.31,4800,41.3,8100,41.28,1300,41.27,400,41.26,200,41.38,6200,41.39,8600,41.4,100,41.42,2400,41.43,100,HOLD
1780969298132,09:41:36,41.37,41.99,41.99,41.0,41.36,1664500.0,69040000.0,41.33,900,41.32,700,41.31,4800,41.3,8100,41.28,1300,41.38,6300,41.39,8600,41.4,100,41.42,2400,41.47,100,HOLD
1780969301138,09:41:39,41.36,41.99,41.99,41.0,41.36,1681000.0,69720000.0,41.33,900,41.32,100,41.31,1400,41.3,17500,41.28,1600,41.36,100,41.37,1000,41.38,6500,41.39,8600,41.4,100,HOLD
1780969304145,09:41:42,41.37,41.99,41.99,41.0,41.36,1682300.0,69780000.0,41.33,1300,41.32,100,41.3,17500,41.28,1600,41.27,300,41.37,1200,41.38,6500,41.39,8900,41.4,100,41.42,2400,HOLD
1780969307149,09:41:45,41.3,41.99,41.99,41.0,41.36,1686000.0,69930000.0,41.3,17000,41.28,1600,41.27,300,41.26,500,41.25,700,41.37,1200,41.38,6500,41.39,8900,41.4,100,41.42,2400,HOLD
1780969310155,09:41:48,41.3,41.99,41.99,41.0,41.36,1708100.0,70840000.0,41.3,16600,41.28,1600,41.27,300,41.26,500,41.25,700,41.36,800,41.37,400,41.38,6500,41.39,8800,41.4,100,HOLD
1780969313170,09:41:51,41.28,41.99,41.99,41.0,41.36,1731600.0,71810000.0,41.28,100,41.27,300,41.26,500,41.25,700,41.24,100,41.33,3600,41.34,1700,41.35,200,41.37,2800,41.38,6500,HOLD
1780969316176,09:41:54,41.33,41.99,41.99,41.0,41.36,1733100.0,71880000.0,41.27,100,41.26,500,41.25,700,41.24,100,41.23,100,41.3,100,41.32,2900,41.33,3400,41.34,1700,41.35,200,HOLD
1780969322203,09:42:00,41.3,41.99,41.99,41.0,41.36,1735400.0,71970000.0,41.3,200,41.28,100,41.27,100,41.26,500,41.25,700,41.32,1300,41.33,3900,41.34,200,41.35,200,41.37,1300,HOLD
1780969328216,09:42:06,41.28,41.99,41.99,41.0,41.36,1740200.0,72170000.0,41.26,1700,41.25,700,41.24,100,41.23,100,41.22,2000,41.28,700,41.3,3000,41.32,1400,41.33,3900,41.35,200,HOLD
1780969331224,09:42:09,41.3,41.99,41.99,41.0,41.36,1743300.0,72300000.0,41.28,500,41.27,100,41.26,2600,41.25,800,41.24,100,41.3,500,41.31,200,41.32,1400,41.33,3900,41.35,200,HOLD
1780969337239,09:42:15,41.29,41.99,41.99,41.0,41.36,1744800.0,72360000.0,41.29,800,41.28,1500,41.27,100,41.26,900,41.25,900,41.3,1000,41.31,200,41.32,1400,41.33,4000,41.35,200,HOLD
1780969340263,09:42:18,41.3,41.99,41.99,41.0,41.36,1745500.0,72390000.0,41.29,500,41.28,1500,41.27,100,41.26,900,41.25,900,41.3,3100,41.31,200,41.32,1500,41.33,5000,41.35,200,HOLD
1780969343258,09:42:21,41.29,41.99,41.99,41.0,41.36,1747000.0,72450000.0,41.28,1400,41.27,900,41.26,900,41.25,900,41.24,100,41.29,1000,41.3,2600,41.31,200,41.32,1500,41.33,5000,HOLD
1780969346269,09:42:24,41.28,41.99,41.99,41.0,41.36,1747700.0,72480000.0,41.28,900,41.27,900,41.26,900,41.25,1000,41.24,100,41.29,1300,41.3,2500,41.31,200,41.32,1500,41.33,5000,HOLD
1780969349271,09:42:27,41.28,41.99,41.99,41.0,41.36,1748300.0,72500000.0,41.28,700,41.27,800,41.26,900,41.25,2000,41.24,100,41.29,1200,41.3,2500,41.31,200,41.32,1500,41.33,5000,HOLD
1780969355289,09:42:33,41.25,41.99,41.99,41.0,41.36,1753200.0,72710000.0,41.25,900,41.24,100,41.23,100,41.22,2000,41.2,2300,41.26,300,41.28,200,41.29,1000,41.3,2500,41.31,200,HOLD
1780969358303,09:42:36,41.25,41.99,41.99,41.0,41.36,1754000.0,72740000.0,41.25,200,41.24,100,41.23,100,41.22,2200,41.2,2300,41.26,300,41.28,200,41.29,1000,41.3,2500,41.31,200,HOLD
1780969361307,09:42:39,41.25,41.99,41.99,41.0,41.36,1754100.0,72740000.0,41.25,200,41.24,100,41.23,100,41.22,200,41.2,2300,41.26,600,41.28,200,41.29,800,41.3,2500,41.31,200,HOLD
1780969364316,09:42:42,41.24,41.99,41.99,41.0,41.36,1754400.0,72750000.0,41.22,200,41.2,2300,41.19,100,41.18,100,41.17,200,41.25,2700,41.26,1100,41.29,800,41.32,1400,41.33,5000,HOLD
1780969370341,09:42:48,41.17,41.99,41.99,41.0,41.36,1757900.0,72900000.0,41.15,500,41.13,1000,41.1,500,41.08,300,41.06,1000,41.17,100,41.18,1000,41.2,1400,41.21,400,41.22,7900,HOLD
1780969373340,09:42:51,41.18,41.99,41.99,41.0,41.36,1759600.0,72970000.0,41.15,200,41.13,1000,41.1,500,41.08,300,41.06,1000,41.2,500,41.21,400,41.22,8200,41.24,1100,41.25,2500,HOLD
1780969379358,09:42:57,41.13,41.99,41.99,41.0,41.36,1762200.0,73080000.0,41.13,700,41.12,100,41.1,500,41.08,300,41.06,1000,41.21,300,41.22,8400,41.24,1100,41.25,2500,41.26,700,HOLD
1780969385372,09:43:03,41.13,41.99,41.99,41.0,41.36,1768600.0,73340000.0,41.12,100,41.1,500,41.08,300,41.06,1000,41.04,200,41.13,500,41.14,200,41.15,30800,41.19,100,41.2,300,HOLD
1780969388375,09:43:06,41.13,41.99,41.99,41.0,41.36,1769200.0,73360000.0,41.13,300,41.12,100,41.1,500,41.08,300,41.06,1000,41.14,200,41.15,30800,41.19,100,41.2,300,41.21,300,HOLD
1780969394394,09:43:09,41.12,41.99,41.99,41.0,41.36,1770300.0,73410000.0,41.1,500,41.08,300,41.06,1000,41.04,200,41.02,300,41.12,500,41.13,2800,41.14,200,41.15,30800,41.19,100,HOLD
1780969397405,09:43:15,41.1,41.99,41.99,41.0,41.36,1773000.0,73520000.0,41.08,300,41.06,1000,41.04,200,41.02,300,41.01,900,41.1,400,41.11,400,41.12,1000,41.13,2900,41.14,200,HOLD
1780969403431,09:43:21,41.08,41.99,41.99,41.0,41.36,1777400.0,73700000.0,41.08,500,41.07,1500,41.06,1000,41.04,200,41.02,300,41.1,4100,41.11,400,41.12,800,41.13,2000,41.14,200,HOLD
1780969406439,09:43:24,41.07,41.99,41.99,41.0,41.36,1779000.0,73770000.0,41.07,500,41.06,1000,41.04,200,41.01,700,41.0,16300,41.1,4300,41.11,400,41.12,800,41.13,2000,41.14,200,HOLD
1780969409446,09:43:27,41.07,41.99,41.99,41.0,41.36,1779700.0,73800000.0,41.06,1000,41.04,200,41.01,200,41.0,16100,40.99,100,41.08,900,41.1,4300,41.11,100,41.12,300,41.13,2000,HOLD
1780969415466,09:43:33,41.06,41.99,41.99,41.0,41.36,1782700.0,73920000.0,41.02,200,41.01,300,41.0,9800,40.99,100,40.98,1500,41.07,13500,41.08,900,41.1,4300,41.11,100,41.12,300,HOLD
1780969418476,09:43:36,41.04,41.99,41.99,41.0,41.36,1789100.0,74180000.0,41.0,4500,40.99,100,40.98,1500,40.96,400,40.95,100,41.06,700,41.07,13600,41.08,900,41.1,4500,41.11,100,HOLD
1780969421489,09:43:39,41.0,41.99,41.99,41.0,41.36,1790400.0,74230000.0,41.0,3100,40.99,100,40.98,1500,40.96,400,40.95,100,41.05,300,41.06,800,41.07,13600,41.08,1300,41.1,4500,HOLD
1780969424503,09:43:42,41.04,41.99,41.99,41.0,41.36,1792200.0,74310000.0,41.0,2400,40.98,1500,40.96,400,40.95,100,40.94,100,41.04,200,41.05,900,41.06,800,41.07,13300,41.08,1300,HOLD
1780969430516,09:43:48,40.96,41.99,41.99,40.96,41.36,1797100.0,74510000.0,40.96,300,40.95,100,40.94,100,40.88,12400,40.86,4000,40.98,1600,41.0,300,41.03,400,41.04,1500,41.05,1300,HOLD
1780969436541,09:43:54,40.95,41.99,41.99,40.95,41.36,1798900.0,74580000.0,40.9,800,40.89,900,40.88,12400,40.86,4000,40.85,2000,40.95,300,40.96,12700,40.97,100,40.98,100,41.0,300,HOLD
1780969439545,09:43:57,40.96,41.99,41.99,40.95,41.36,1799300.0,74600000.0,40.93,1000,40.9,800,40.89,900,40.88,12400,40.86,4000,40.94,500,40.95,2000,40.96,13600,40.97,100,40.98,100,HOLD
1780969442548,09:44:00,40.95,41.99,41.99,40.93,41.36,1803800.0,74780000.0,40.95,400,40.94,1800,40.93,100,40.9,500,40.89,900,40.96,12600,40.97,100,40.98,100,41.04,200,41.05,1200,HOLD
1780969445553,09:44:03,40.95,41.99,41.99,40.93,41.36,1806200.0,74880000.0,40.94,1800,40.93,100,40.9,500,40.89,900,40.88,12400,40.95,1300,40.96,11100,40.97,100,40.98,100,41.04,200,HOLD
1780969448571,09:44:06,40.96,41.99,41.99,40.93,41.36,1820100.0,75450000.0,40.99,1100,40.98,100,40.97,100,40.96,6300,40.95,1200,41.04,200,41.05,900,41.06,400,41.07,12800,41.1,4500,HOLD
1780969451560,09:44:09,41.0,41.99,41.99,40.93,41.36,1821000.0,75490000.0,41.0,400,40.99,1100,40.98,100,40.97,100,40.96,6200,41.05,200,41.06,400,41.07,12800,41.1,4500,41.11,100,HOLD
1780969454573,09:44:12,41.05,41.99,41.99,40.93,41.36,1822300.0,75540000.0,41.01,100,41.0,900,40.99,600,40.98,100,40.97,100,41.05,100,41.06,400,41.07,12600,41.1,3500,41.11,100,HOLD
1780969460588,09:44:18,41.12,41.99,41.99,40.93,41.36,1841000.0,76310000.0,41.12,100,41.07,9800,41.05,600,41.03,400,41.02,200,41.15,30800,41.19,100,41.26,300,41.29,200,41.3,500,HOLD
1780969463594,09:44:21,41.07,41.99,41.99,40.93,41.36,1843100.0,76400000.0,41.05,600,41.03,400,41.02,200,41.01,200,41.0,1500,41.08,900,41.12,1500,41.15,30800,41.19,100,41.26,300,HOLD
1780969466592,09:44:24,41.05,41.99,41.99,40.93,41.36,1844000.0,76430000.0,41.05,1400,41.03,100,41.02,200,41.01,200,41.0,1500,41.06,100,41.08,900,41.12,1500,41.15,30800,41.17,100,HOLD
1780969469604,09:44:27,41.12,41.99,41.99,40.93,41.36,1845400.0,76490000.0,41.08,700,41.06,1900,41.05,900,41.03,100,41.02,200,41.12,1100,41.15,30800,41.17,100,41.19,100,41.26,300,HOLD
1780969475619,09:44:30,41.22,41.99,41.99,40.93,41.36,1877800.0,77820000.0,41.18,100,41.17,100,41.13,100,41.12,100,41.1,200,41.22,200,41.26,300,41.29,200,41.3,500,41.32,100,HOLD
1780969478627,09:44:36,41.22,41.99,41.99,40.93,41.36,1879300.0,77890000.0,41.19,100,41.18,100,41.13,300,41.12,500,41.1,200,41.26,1000,41.29,200,41.3,500,41.32,100,41.33,600,HOLD
1780969481634,09:44:39,41.22,41.99,41.99,40.93,41.36,1885100.0,78120000.0,41.22,100,41.17,100,41.16,700,41.14,2200,41.12,100,41.25,100,41.26,13000,41.29,200,41.3,500,41.32,100,HOLD
1780969484651,09:44:42,41.17,41.99,41.99,40.93,41.36,1886700.0,78190000.0,41.16,100,41.15,5400,41.14,600,41.12,100,41.1,700,41.22,400,41.23,100,41.24,1700,41.25,400,41.26,200,HOLD
1780969487652,09:44:45,41.15,41.99,41.99,40.93,41.36,1887700.0,78230000.0,41.15,4800,41.14,100,41.12,100,41.1,700,41.09,100,41.21,200,41.22,400,41.23,100,41.24,1700,41.25,400,HOLD
1780969490663,09:44:48,41.2,41.99,41.99,40.93,41.36,1889100.0,78290000.0,41.16,200,41.15,4000,41.14,100,41.12,100,41.1,700,41.21,200,41.22,300,41.23,100,41.24,1700,41.25,400,HOLD
1780969493674,09:44:51,41.15,41.99,41.99,40.93,41.36,1889600.0,78310000.0,41.15,3700,41.14,200,41.12,100,41.1,700,41.09,100,41.21,300,41.22,300,41.24,1700,41.25,400,41.29,200,HOLD
1780969496685,09:44:54,41.16,41.99,41.99,40.93,41.36,1889800.0,78320000.0,41.16,1400,41.15,3500,41.14,200,41.12,100,41.1,700,41.21,300,41.22,300,41.24,1700,41.25,400,41.29,200,HOLD
1780969499699,09:44:57,41.21,41.99,41.99,40.93,41.36,1890400.0,78340000.0,41.21,1400,41.17,100,41.16,1500,41.15,100,41.14,200,41.22,300,41.24,1700,41.25,2400,41.29,200,41.3,1000,HOLD
1780969505716,09:45:00,41.21,41.99,41.99,40.93,41.36,1891800.0,78400000.0,41.17,100,41.16,1800,41.15,500,41.14,200,41.12,100,41.19,45500,41.22,400,41.24,1700,41.25,2400,41.29,200,HOLD
1780969508718,09:45:06,41.16,41.99,41.99,40.93,41.36,1895400.0,78550000.0,41.16,700,41.15,2100,41.14,200,41.12,100,41.1,700,41.18,1000,41.19,45300,41.21,7500,41.22,400,41.24,1700,HOLD
1780969511731,09:45:09,41.16,41.99,41.99,40.93,41.36,1895700.0,78560000.0,41.16,400,41.15,2100,41.14,200,41.12,100,41.1,700,41.18,1000,41.19,45300,41.21,7500,41.22,400,41.24,1000,HOLD
1780969514737,09:45:12,41.16,41.99,41.99,40.93,41.36,1896600.0,78600000.0,41.15,3100,41.14,100,41.12,100,41.1,700,41.09,100,41.16,1100,41.17,200,41.18,1000,41.19,45300,41.21,7500,HOLD
1780969517746,09:45:15,41.16,41.99,41.99,40.93,41.36,1898500.0,78680000.0,41.17,100,41.16,3200,41.15,3100,41.14,100,41.12,100,41.18,1100,41.19,45300,41.22,400,41.25,2600,41.29,200,HOLD
1780969520757,09:45:18,41.19,41.99,41.99,40.93,41.36,1900200.0,78750000.0,41.18,700,41.17,1600,41.16,4000,41.15,3100,41.14,100,41.19,45000,41.22,400,41.25,2600,41.29,200,41.3,1000,HOLD
1780969523778,09:45:21,41.19,41.99,41.99,40.93,41.36,1922700.0,79670000.0,41.18,1000,41.17,1900,41.16,500,41.15,3100,41.14,100,41.19,32600,41.21,7500,41.22,400,41.25,2600,41.29,200,HOLD
1780969529786,09:45:27,41.25,41.99,41.99,40.93,41.36,1964700.0,81400000.0,41.22,100,41.21,1400,41.19,1100,41.18,2400,41.17,1400,41.25,1800,41.29,200,41.3,500,41.32,100,41.33,600,HOLD
1780969532801,09:45:30,41.25,41.99,41.99,40.93,41.36,1964900.0,81410000.0,41.22,1200,41.21,1400,41.19,1000,41.18,2900,41.17,1400,41.25,1800,41.29,200,41.3,500,41.32,100,41.33,600,HOLD
1780969535803,09:45:33,41.22,41.99,41.99,40.93,41.36,1965400.0,81430000.0,41.22,300,41.21,700,41.19,900,41.18,2200,41.17,1400,41.23,500,41.25,1800,41.29,200,41.3,500,41.32,100,HOLD
1780969538814,09:45:36,41.22,41.99,41.99,40.93,41.36,1965700.0,81440000.0,41.21,700,41.19,500,41.18,2200,41.17,1400,41.16,1000,41.22,200,41.23,600,41.25,1800,41.29,200,41.3,500,HOLD
1780969541815,09:45:39,41.25,41.99,41.99,40.93,41.36,1969000.0,81580000.0,41.22,300,41.21,800,41.19,500,41.18,2200,41.17,1400,41.25,1100,41.29,200,41.3,500,41.32,100,41.33,600,HOLD
1780969544827,09:45:42,41.23,41.99,41.99,40.93,41.36,1970600.0,81650000.0,41.23,1300,41.21,900,41.19,500,41.18,2200,41.17,1400,41.29,500,41.3,500,41.32,100,41.33,600,41.37,1300,HOLD
1780969547834,09:45:45,41.23,41.99,41.99,40.93,41.36,1971500.0,81680000.0,41.24,100,41.23,700,41.22,100,41.21,300,41.2,100,41.29,300,41.3,500,41.32,100,41.33,600,41.37,1300,HOLD
1780969550834,09:45:48,41.29,41.99,41.99,40.93,41.36,1971600.0,81690000.0,41.24,300,41.23,700,41.22,600,41.21,300,41.2,100,41.29,200,41.3,1100,41.32,100,41.33,600,41.37,1300,HOLD
1780969553841,09:45:51,41.25,41.99,41.99,40.93,41.36,1971800.0,81700000.0,41.26,600,41.25,2800,41.24,300,41.23,700,41.22,600,41.29,100,41.3,1100,41.32,100,41.33,600,41.37,1300,HOLD
1780969556846,09:45:54,41.27,41.99,41.99,40.93,41.36,1972400.0,81720000.0,41.27,100,41.26,600,41.25,2800,41.24,300,41.23,700,41.28,700,41.29,100,41.3,700,41.32,100,41.33,600,HOLD
1780969559849,09:45:57,41.26,41.99,41.99,40.93,41.36,1974000.0,81790000.0,41.25,2800,41.24,300,41.23,700,41.22,600,41.21,300,41.26,1100,41.29,100,41.3,700,41.32,100,41.33,600,HOLD
1780969562855,09:46:00,41.26,41.99,41.99,40.93,41.36,1974300.0,81800000.0,41.25,3900,41.24,200,41.23,700,41.22,600,41.21,300,41.26,800,41.29,100,41.3,700,41.32,100,41.33,600,HOLD
1780969565861,09:46:03,41.24,41.99,41.99,40.93,41.36,1979300.0,82000000.0,41.23,700,41.22,500,41.21,200,41.2,300,41.19,1400,41.24,500,41.25,6400,41.26,300,41.29,100,41.3,700,HOLD
1780969568865,09:46:06,41.21,41.99,41.99,40.93,41.36,1981100.0,82080000.0,41.2,300,41.19,1400,41.18,1800,41.17,1400,41.16,600,41.21,300,41.23,1500,41.24,200,41.25,9500,41.26,300,HOLD
1780969571884,09:46:09,41.2,41.99,41.99,40.93,41.36,1981400.0,82090000.0,41.19,1400,41.18,1800,41.17,1400,41.16,600,41.15,3000,41.2,1200,41.21,400,41.23,1500,41.24,200,41.25,9600,HOLD
1780969574886,09:46:12,41.17,41.99,41.99,40.93,41.36,1986000.0,82280000.0,41.16,600,41.15,3000,41.14,100,41.13,500,41.12,100,41.17,700,41.18,700,41.19,1100,41.2,1200,41.21,400,HOLD
1780969577895,09:46:15,41.15,41.99,41.99,40.93,41.36,1988400.0,82380000.0,41.15,1300,41.13,500,41.12,100,41.1,500,41.09,100,41.16,300,41.17,800,41.18,600,41.19,1100,41.2,2000,HOLD
1780969580898,09:46:18,41.15,41.99,41.99,40.93,41.36,1990100.0,82450000.0,41.13,500,41.12,100,41.1,500,41.09,100,41.08,200,41.15,1800,41.16,200,41.17,100,41.18,600,41.19,1100,HOLD
1780969583909,09:46:21,41.13,41.99,41.99,40.93,41.36,1990300.0,82460000.0,41.13,700,41.12,100,41.1,500,41.08,200,41.06,300,41.15,5700,41.16,100,41.17,100,41.18,600,41.19,500,HOLD
1780969589914,09:46:27,41.1,41.99,41.99,40.93,41.36,1991600.0,82510000.0,41.08,200,41.06,300,41.05,1100,41.03,200,41.01,600,41.1,400,41.13,7300,41.14,700,41.15,4600,41.16,100,HOLD
1780969592926,09:46:30,41.08,41.99,41.99,40.93,41.36,1992300.0,82540000.0,41.06,300,41.05,1100,41.03,200,41.01,600,41.0,9100,41.08,700,41.1,1400,41.13,7300,41.14,700,41.15,4600,HOLD
1780969595933,09:46:33,41.08,41.99,41.99,40.93,41.36,1996700.0,82720000.0,41.08,2000,41.07,1200,41.06,300,41.05,1100,41.03,200,41.13,1400,41.14,700,41.15,1600,41.16,100,41.17,400,HOLD
1780969598942,09:46:36,41.08,41.99,41.99,40.93,41.36,1996700.0,82720000.0,41.08,1500,41.07,1200,41.06,300,41.05,1100,41.03,200,41.13,1500,41.14,700,41.15,1500,41.16,100,41.17,400,HOLD
1780969601952,09:46:39,41.08,41.99,41.99,40.93,41.36,1996700.0,82720000.0,41.08,2100,41.07,1200,41.06,300,41.05,1100,41.03,200,41.13,1500,41.14,700,41.15,1500,41.16,100,41.17,400,HOLD
1780969604967,09:46:42,41.08,41.99,41.99,40.93,41.36,2022700.0,83790000.0,41.1,300,41.09,1100,41.08,7300,41.06,300,41.05,1100,41.13,200,41.15,1500,41.16,100,41.17,400,41.2,900,HOLD
1780969607979,09:46:45,41.13,41.99,41.99,40.93,41.36,2026000.0,83920000.0,41.11,100,41.1,300,41.08,5100,41.06,300,41.05,1100,41.15,900,41.17,400,41.2,900,41.21,100,41.23,100,HOLD
1780969610992,09:46:48,41.08,41.99,41.99,40.93,41.36,2026800.0,83960000.0,41.08,3900,41.06,300,41.05,1100,41.03,200,41.01,3600,41.14,100,41.15,900,41.17,400,41.2,900,41.21,100,HOLD
1780969613997,09:46:51,41.08,41.99,41.99,40.93,41.36,2026800.0,83960000.0,41.11,3600,41.1,300,41.09,500,41.08,38700,41.06,300,41.13,200,41.14,100,41.15,200,41.17,400,41.2,500,HOLD
1780969617012,09:46:54,41.09,41.99,41.99,40.93,41.36,2032100.0,84180000.0,41.1,300,41.09,400,41.08,38800,41.06,300,41.05,1100,41.15,400,41.17,400,41.2,900,41.21,100,41.23,100,HOLD
1780969620016,09:46:57,41.09,41.99,41.99,40.93,41.36,2032100.0,84180000.0,41.1,700,41.09,400,41.08,38800,41.06,300,41.05,1100,41.15,400,41.17,500,41.2,900,41.21,100,41.23,100,HOLD
1780969623024,09:47:00,41.13,41.99,41.99,40.93,41.36,2032400.0,84190000.0,41.1,1400,41.09,400,41.08,38800,41.06,300,41.05,1200,41.15,400,41.17,500,41.2,900,41.21,100,41.23,100,HOLD
1780969626027,09:47:03,41.11,41.99,41.99,40.93,41.36,2033800.0,84250000.0,41.11,4000,41.1,1500,41.09,400,41.08,38800,41.06,300,41.14,1000,41.15,400,41.17,500,41.2,900,41.21,100,HOLD
1780969629036,09:47:06,41.16,41.99,41.99,40.93,41.36,2035600.0,84320000.0,41.16,300,41.15,22900,41.14,900,41.11,4000,41.1,1300,41.17,200,41.18,100,41.2,900,41.21,100,41.23,100,HOLD
1780969632047,09:47:09,41.17,41.99,41.99,40.93,41.36,2035900.0,84330000.0,41.17,1500,41.16,1700,41.15,22900,41.14,400,41.11,4000,41.2,1000,41.23,100,41.25,6300,41.26,300,41.29,200,HOLD
1780969635053,09:47:12,41.17,41.99,41.99,40.93,41.36,2037500.0,84400000.0,41.17,1400,41.16,1700,41.15,22900,41.11,4000,41.1,800,41.2,100,41.23,100,41.25,6300,41.26,300,41.29,200,HOLD
1780969638066,09:47:15,41.18,41.99,41.99,40.93,41.36,2038800.0,84450000.0,41.19,400,41.18,500,41.17,400,41.16,1400,41.15,22900,41.23,100,41.25,6300,41.26,300,41.29,200,41.3,600,HOLD
1780969641077,09:47:18,41.23,41.99,41.99,40.93,41.36,2047700.0,84820000.0,41.2,200,41.19,600,41.16,500,41.15,22900,41.14,1500,41.23,100,41.25,6300,41.26,300,41.29,200,41.3,600,HOLD
1780969644092,09:47:21,41.25,41.99,41.99,40.93,41.36,2048100.0,84830000.0,41.23,200,41.21,100,41.2,200,41.19,600,41.16,500,41.25,6100,41.26,300,41.29,300,41.3,600,41.32,100,HOLD
1780969647092,09:47:24,41.23,41.99,41.99,40.93,41.36,2049400.0,84890000.0,41.19,600,41.18,300,41.15,22900,41.14,1500,41.11,4000,41.23,100,41.24,500,41.25,6000,41.26,300,41.29,300,HOLD
1780969650104,09:47:27,41.19,41.99,41.99,40.93,41.36,2050200.0,84920000.0,41.18,300,41.15,22900,41.14,1500,41.11,4000,41.1,500,41.19,4300,41.23,46600,41.24,500,41.25,6000,41.26,300,HOLD
1780969653106,09:47:30,41.18,41.99,41.99,40.93,41.36,2050800.0,84950000.0,41.15,22900,41.14,1500,41.11,4000,41.1,500,41.09,800,41.18,500,41.19,4000,41.23,49500,41.24,500,41.25,6000,HOLD
1780969656119,09:47:33,41.18,41.99,41.99,40.93,41.36,2051000.0,84950000.0,41.16,100,41.15,23000,41.14,1500,41.11,4000,41.1,500,41.18,400,41.19,4300,41.2,100,41.23,49700,41.24,500,HOLD
1780969659131,09:47:36,41.18,41.99,41.99,40.93,41.36,2051000.0,84950000.0,41.16,100,41.15,23000,41.14,1500,41.11,4000,41.1,500,41.17,200,41.18,500,41.19,4300,41.2,1000,41.23,49700,HOLD
1780969662145,09:47:39,41.19,41.99,41.99,40.93,41.36,2056200.0,85170000.0,41.19,900,41.18,5600,41.16,400,41.15,23000,41.14,2000,41.2,1000,41.23,49700,41.24,500,41.25,7900,41.26,300,HOLD
1780969665154,09:47:42,41.19,41.99,41.99,40.93,41.36,2056600.0,85180000.0,41.19,800,41.18,5600,41.17,100,41.16,400,41.15,23200,41.2,4200,41.23,46800,41.24,500,41.25,7900,41.26,300,HOLD
1780969668174,09:47:45,41.19,41.99,41.99,40.93,41.36,2062100.0,85410000.0,41.19,500,41.18,5600,41.17,100,41.16,400,41.15,23200,41.2,1100,41.23,47000,41.24,500,41.25,7900,41.26,300,HOLD
1780969671176,09:47:48,41.19,41.99,41.99,40.93,41.36,2062700.0,85440000.0,41.18,5600,41.16,1400,41.15,23200,41.14,2000,41.11,4300,41.19,100,41.23,47000,41.24,500,41.25,7900,41.26,300,HOLD
1780969674177,09:47:51,41.19,41.99,41.99,40.93,41.36,2063400.0,85460000.0,41.18,5600,41.16,1500,41.15,23200,41.14,2000,41.11,4300,41.19,19900,41.2,3800,41.23,47000,41.24,500,41.25,7900,HOLD
1780969677182,09:47:54,41.19,41.99,41.99,40.93,41.36,2065700.0,85560000.0,41.18,7100,41.17,300,41.16,1100,41.15,23200,41.14,2000,41.19,17900,41.2,3900,41.23,47000,41.25,7900,41.26,300,HOLD
1780969680191,09:47:57,41.19,41.99,41.99,40.93,41.36,2065900.0,85570000.0,41.18,7100,41.17,300,41.16,1100,41.15,23200,41.14,2000,41.19,17900,41.2,3900,41.23,46900,41.25,7900,41.26,300,HOLD
1780969683199,09:48:00,41.18,41.99,41.99,40.93,41.36,2068600.0,85680000.0,41.18,6300,41.17,300,41.16,1100,41.15,23200,41.14,2000,41.19,16800,41.2,4000,41.22,3500,41.23,46900,41.25,7900,HOLD
1780969686206,09:48:03,41.18,41.99,41.99,40.93,41.36,2069500.0,85720000.0,41.18,5500,41.17,300,41.16,1100,41.15,23200,41.14,2000,41.19,16700,41.2,4000,41.22,3500,41.23,46900,41.25,7900,HOLD
1780969689221,09:48:06,41.18,41.99,41.99,40.93,41.36,2072400.0,85840000.0,41.18,3100,41.17,300,41.16,1400,41.15,23200,41.14,2000,41.19,16700,41.2,4000,41.22,3500,41.23,46900,41.25,7900,HOLD
1780969692234,09:48:09,41.18,41.99,41.99,40.93,41.36,2075500.0,85960000.0,41.16,1400,41.15,23200,41.14,2200,41.11,4300,41.1,900,41.18,300,41.19,16700,41.2,4000,41.22,3700,41.23,46900,HOLD
1780969695248,09:48:12,41.18,41.99,41.99,40.93,41.36,2087600.0,86460000.0,41.15,22500,41.14,2200,41.11,4300,41.1,900,41.09,900,41.16,2200,41.17,1900,41.18,2100,41.19,16700,41.2,4000,HOLD
1780969698252,09:48:15,41.15,41.99,41.99,40.93,41.36,2093900.0,86720000.0,41.15,16300,41.14,2200,41.13,100,41.11,4300,41.1,900,41.16,2200,41.17,1900,41.18,2000,41.19,16700,41.2,4000,HOLD
1780969701257,09:48:18,41.18,41.99,41.99,40.93,41.36,2108100.0,87300000.0,41.18,100,41.17,800,41.16,16700,41.15,15300,41.14,1700,41.19,16700,41.2,200,41.22,3700,41.23,46900,41.25,7900,HOLD
1780969704269,09:48:21,41.26,41.99,41.99,40.93,41.36,2184000.0,90430000.0,41.26,7300,41.25,10600,41.24,400,41.23,5200,41.21,700,41.28,1500,41.29,300,41.32,100,41.33,600,41.37,1300,HOLD
1780969707268,09:48:24,41.33,41.99,41.99,40.93,41.36,2190100.0,90690000.0,41.29,200,41.28,100,41.27,300,41.26,3000,41.25,1700,41.33,200,41.37,1300,41.38,400,41.39,8300,41.4,600,HOLD
1780969710283,09:48:27,41.32,41.99,41.99,40.93,41.36,2190400.0,90700000.0,41.31,100,41.3,100,41.29,1100,41.28,1000,41.27,300,41.32,600,41.33,300,41.37,1300,41.38,400,41.39,8300,HOLD
1780969713295,09:48:30,41.32,41.99,41.99,40.93,41.36,2191100.0,90730000.0,41.32,200,41.31,900,41.3,100,41.29,700,41.28,1700,41.33,300,41.37,1300,41.38,400,41.39,8300,41.4,600,HOLD
1780969716300,09:48:33,41.33,41.99,41.99,40.93,41.36,2191400.0,90740000.0,41.33,100,41.32,900,41.31,900,41.3,100,41.29,700,41.37,1300,41.38,4400,41.39,8300,41.4,600,41.47,1900,HOLD
1780969719307,09:48:36,41.33,41.99,41.99,40.93,41.36,2191700.0,90750000.0,41.33,400,41.32,900,41.31,600,41.3,100,41.29,700,41.36,700,41.37,1300,41.38,4400,41.39,8300,41.4,600,HOLD
1780969722311,09:48:39,41.33,41.99,41.99,40.93,41.36,2191700.0,90750000.0,41.33,400,41.32,900,41.31,600,41.3,100,41.28,1700,41.34,700,41.35,900,41.37,1300,41.38,4400,41.39,8300,HOLD
1780969725316,09:48:42,41.33,41.99,41.99,40.93,41.36,2192500.0,90780000.0,41.33,300,41.32,1000,41.31,1200,41.3,100,41.28,1200,41.34,700,41.35,900,41.37,1300,41.38,400,41.39,8300,HOLD
1780969728317,09:48:45,41.35,41.99,41.99,40.93,41.36,2193300.0,90820000.0,41.33,1200,41.32,1000,41.31,1200,41.3,100,41.28,1200,41.34,100,41.35,800,41.37,1300,41.38,400,41.39,8300,HOLD
1780969731318,09:48:48,41.39,41.99,41.99,40.93,41.36,2204000.0,91260000.0,41.34,600,41.33,1200,41.32,1000,41.31,1200,41.3,100,41.39,100,41.4,600,41.47,100,41.5,400,41.53,3300,HOLD
1780969734330,09:48:51,41.4,41.99,41.99,40.93,41.36,2204800.0,91290000.0,41.37,500,41.36,100,41.35,1200,41.34,10800,41.32,1000,41.47,100,41.5,400,41.53,3300,41.55,100,41.57,400,HOLD
1780969737328,09:48:54,41.37,41.99,41.99,40.93,41.36,2206500.0,91360000.0,41.36,100,41.35,1200,41.34,10100,41.32,1100,41.31,700,41.37,300,41.45,2100,41.47,1000,41.5,400,41.53,3300,HOLD
1780969740334,09:48:57,41.45,41.99,41.99,40.93,41.36,2206900.0,91380000.0,41.4,200,41.38,100,41.35,1200,41.34,10100,41.32,1100,41.45,2000,41.47,1000,41.5,400,41.53,3300,41.55,100,HOLD
1780969743342,09:49:00,41.45,41.99,41.99,40.93,41.36,2207600.0,91410000.0,41.4,200,41.39,300,41.38,100,41.37,100,41.35,1200,41.44,800,41.45,1300,41.47,1000,41.5,400,41.53,3300,HOLD
1780969746346,09:49:03,41.5,41.99,41.99,40.93,41.36,2211700.0,91580000.0,41.47,4200,41.45,5900,41.4,200,41.39,300,41.37,500,41.5,300,41.53,3300,41.55,100,41.57,400,41.58,100,HOLD
1780969749366,09:49:06,41.47,41.99,41.99,40.93,41.36,2212900.0,91630000.0,41.47,3200,41.45,5900,41.44,4000,41.41,600,41.4,500,41.5,200,41.53,3300,41.55,100,41.57,400,41.58,100,HOLD
1780969752373,09:49:09,41.53,41.99,41.99,40.93,41.36,2216200.0,91770000.0,41.5,700,41.48,300,41.47,3200,41.45,5900,41.44,29800,41.53,3200,41.55,100,41.57,400,41.58,100,41.6,200,HOLD
1780969755373,09:49:12,41.5,41.99,41.99,40.93,41.36,2220000.0,91920000.0,41.5,200,41.48,200,41.47,3900,41.45,5900,41.44,29800,41.55,100,41.57,400,41.58,100,41.6,200,41.61,200,HOLD
1780969758381,09:49:15,41.5,41.99,41.99,40.93,41.36,2220600.0,91950000.0,41.52,300,41.5,500,41.49,200,41.48,200,41.47,3900,41.57,400,41.58,100,41.6,400,41.61,200,41.66,200,HOLD
1780969761393,09:49:18,41.58,41.99,41.99,40.93,41.36,2221200.0,91970000.0,41.58,600,41.57,5900,41.53,100,41.52,200,41.51,2000,41.6,400,41.61,200,41.66,200,41.69,1000,41.7,100,HOLD
1780969764411,09:49:21,41.57,41.99,41.99,40.93,41.36,2224300.0,92100000.0,41.58,700,41.57,3400,41.55,700,41.53,100,41.52,200,41.6,400,41.61,200,41.66,200,41.69,1000,41.7,100,HOLD
1780969767422,09:49:24,41.61,41.99,41.99,40.93,41.36,2224900.0,92130000.0,41.6,1400,41.58,700,41.57,3400,41.55,700,41.53,100,41.66,400,41.69,1000,41.7,100,41.78,2500,41.79,1200,HOLD
1780969770438,09:49:27,41.6,41.99,41.99,40.93,41.36,2227500.0,92240000.0,41.6,1500,41.57,3400,41.55,700,41.53,100,41.52,200,41.66,800,41.69,1000,41.7,100,41.78,2500,41.79,1200,HOLD
1780969773449,09:49:30,41.6,41.99,41.99,40.93,41.36,2228400.0,92270000.0,41.6,1600,41.59,100,41.57,3400,41.55,700,41.53,100,41.64,500,41.65,400,41.66,800,41.68,300,41.7,100,HOLD
1780969776463,09:49:33,41.59,41.99,41.99,40.93,41.36,2231000.0,92380000.0,41.57,3400,41.55,700,41.53,100,41.52,200,41.51,2500,41.58,1900,41.6,200,41.64,600,41.65,400,41.66,800,HOLD
1780969779471,09:49:36,41.65,41.99,41.99,40.93,41.36,2243300.0,92890000.0,41.56,400,41.55,700,41.53,100,41.52,200,41.51,2500,41.59,100,41.62,5600,41.65,2700,41.66,800,41.68,300,HOLD
1780969782480,09:49:39,41.64,41.99,41.99,40.93,41.36,2269300.0,93980000.0,41.61,600,41.6,100,41.56,400,41.55,800,41.53,100,41.64,1600,41.65,600,41.66,800,41.68,300,41.7,100,HOLD
1780969785493,09:49:42,41.61,41.99,41.99,40.93,41.36,2270500.0,94030000.0,41.61,200,41.6,100,41.59,800,41.58,400,41.56,400,41.65,600,41.66,800,41.68,300,41.7,100,41.78,2500,HOLD
1780969788500,09:49:45,41.65,41.99,41.99,40.93,41.36,2271000.0,94050000.0,41.61,200,41.6,100,41.59,1300,41.58,400,41.56,400,41.65,600,41.66,800,41.68,300,41.7,100,41.78,2500,HOLD
1780969791502,09:49:48,41.65,41.99,41.99,40.93,41.36,2271400.0,94060000.0,41.62,100,41.61,900,41.6,700,41.59,800,41.58,500,41.65,300,41.66,800,41.68,300,41.7,100,41.78,2500,HOLD
1780969794516,09:49:51,41.65,41.99,41.99,40.93,41.36,2271900.0,94080000.0,41.62,100,41.61,1100,41.6,800,41.59,800,41.58,500,41.65,600,41.66,800,41.68,300,41.7,100,41.77,900,HOLD
1780969797522,09:49:54,41.62,41.99,41.99,40.93,41.36,2273000.0,94130000.0,41.61,1100,41.6,800,41.59,800,41.58,500,41.57,100,41.62,100,41.65,9800,41.66,800,41.68,300,41.7,300,HOLD
1780969800530,09:49:57,41.65,41.99,41.99,40.93,41.36,2279400.0,94400000.0,41.61,1000,41.6,800,41.59,1300,41.58,500,41.57,600,41.62,200,41.65,5900,41.66,500,41.68,300,41.7,300,HOLD
1780969803543,09:50:00,41.64,41.99,41.99,40.93,41.36,2279700.0,94410000.0,41.61,1100,41.6,800,41.59,800,41.58,500,41.57,600,41.64,100,41.65,6400,41.66,500,41.68,300,41.7,300,HOLD
1780969806542,09:50:03,41.65,41.99,41.99,40.93,41.36,2281000.0,94460000.0,41.62,2200,41.61,3400,41.6,800,41.59,800,41.58,500,41.65,6300,41.66,500,41.68,300,41.7,300,41.77,900,HOLD
1780969809553,09:50:06,41.62,41.99,41.99,40.93,41.36,2282700.0,94530000.0,41.62,1500,41.61,2700,41.6,1500,41.59,800,41.58,500,41.64,100,41.65,7400,41.66,500,41.68,300,41.7,1000,HOLD
1780969812560,09:50:09,41.62,41.99,41.99,40.93,41.36,2285500.0,94650000.0,41.62,600,41.61,2700,41.6,2000,41.59,800,41.58,1000,41.64,200,41.65,7400,41.66,500,41.68,300,41.7,1000,HOLD
1780969815561,09:50:12,41.62,41.99,41.99,40.93,41.36,2285900.0,94670000.0,41.62,1200,41.61,2700,41.6,2100,41.59,800,41.58,1000,41.64,500,41.65,9500,41.66,400,41.68,300,41.7,1000,HOLD
1780969818574,09:50:15,41.68,41.99,41.99,40.93,41.36,2298100.0,95180000.0,41.68,100,41.67,400,41.66,1000,41.65,4300,41.64,600,41.7,1000,41.71,800,41.77,900,41.78,2500,41.79,1200,HOLD
1780969821593,09:50:18,41.68,41.99,41.99,40.93,41.36,2311800.0,95750000.0,41.65,300,41.64,400,41.62,3700,41.61,3400,41.6,1600,41.7,400,41.71,700,41.72,3300,41.77,900,41.78,2500,HOLD
1780969824611,09:50:21,41.62,41.99,41.99,40.93,41.36,2314600.0,95860000.0,41.61,3400,41.6,1500,41.58,500,41.57,100,41.56,400,41.62,3400,41.67,100,41.68,800,41.69,300,41.7,900,HOLD
1780969827617,09:50:24,41.62,41.99,41.99,40.93,41.36,2316500.0,95940000.0,41.61,3400,41.6,1500,41.58,500,41.57,100,41.56,400,41.62,1500,41.67,100,41.68,1100,41.69,300,41.7,1100,HOLD
1780969830635,09:50:27,41.64,41.99,41.99,40.93,41.36,2321500.0,96150000.0,41.6,1600,41.58,500,41.57,800,41.56,400,41.55,500,41.63,100,41.64,1500,41.66,200,41.67,200,41.68,1100,HOLD
1780969833647,09:50:30,41.6,41.99,41.99,40.93,41.36,2321800.0,96160000.0,41.6,1900,41.58,500,41.57,800,41.55,500,41.51,2000,41.61,300,41.64,1500,41.66,300,41.67,200,41.68,1100,HOLD
1780969836643,09:50:33,41.65,41.99,41.99,40.93,41.36,2324900.0,96290000.0,41.61,600,41.58,600,41.57,800,41.55,500,41.51,2000,41.65,600,41.66,300,41.67,100,41.68,1000,41.69,1000,HOLD
1780969839645,09:50:36,41.65,41.99,41.99,40.93,41.36,2324900.0,96290000.0,41.63,1000,41.62,400,41.61,600,41.6,100,41.58,600,41.64,700,41.65,600,41.66,300,41.67,100,41.68,900,HOLD
1780969842648,09:50:39,41.63,41.99,41.99,40.93,41.36,2325400.0,96310000.0,41.63,900,41.62,400,41.61,900,41.58,600,41.57,800,41.64,1400,41.65,600,41.66,100,41.67,100,41.68,900,HOLD
1780969845663,09:50:42,41.64,41.99,41.99,40.93,41.36,2325700.0,96320000.0,41.63,1000,41.62,400,41.61,900,41.58,600,41.57,800,41.64,1300,41.65,1200,41.66,100,41.67,100,41.68,1400,HOLD
1780969848668,09:50:45,41.63,41.99,41.99,40.93,41.36,2326700.0,96370000.0,41.62,400,41.61,300,41.58,600,41.57,800,41.55,500,41.63,700,41.64,1300,41.65,1200,41.66,100,41.67,100,HOLD
1780969851678,09:50:48,41.62,41.99,41.99,40.93,41.36,2327800.0,96410000.0,41.62,300,41.61,300,41.58,600,41.57,800,41.55,400,41.63,6400,41.64,1500,41.65,1200,41.66,100,41.67,100,HOLD
1780969854682,09:50:51,41.61,41.99,41.99,40.93,41.36,2328300.0,96430000.0,41.61,100,41.58,600,41.57,800,41.55,400,41.51,2000,41.62,300,41.63,18600,41.64,1200,41.65,1300,41.66,100,HOLD
1780969857692,09:50:54,41.61,41.99,41.99,40.93,41.36,2329000.0,96460000.0,41.58,600,41.57,800,41.51,2000,41.5,3500,41.48,400,41.61,500,41.62,3000,41.63,18300,41.64,1200,41.65,1300,HOLD
1780969860693,09:50:57,41.58,41.99,41.99,40.93,41.36,2330800.0,96540000.0,41.57,100,41.51,2000,41.5,3500,41.48,1000,41.47,3200,41.58,1400,41.61,600,41.62,2600,41.63,18100,41.64,1200,HOLD
1780969863700,09:51:00,41.62,41.99,41.99,40.93,41.36,2333400.0,96640000.0,41.59,100,41.58,600,41.57,800,41.54,100,41.52,100,41.62,2400,41.63,6500,41.64,1200,41.65,700,41.66,200,HOLD
1780969866703,09:51:03,41.61,41.99,41.99,40.93,41.36,2333600.0,96650000.0,41.6,400,41.59,300,41.58,900,41.57,1300,41.54,100,41.61,300,41.62,2400,41.63,6500,41.64,1200,41.65,500,HOLD
1780969869715,09:51:09,41.6,41.99,41.99,40.93,41.36,2338200.0,96840000.0,41.59,700,41.58,900,41.57,1300,41.56,100,41.54,100,41.6,7900,41.62,2400,41.63,6600,41.64,1200,41.65,600,HOLD
1780969875720,09:51:12,41.6,41.99,41.99,40.93,41.36,2339500.0,96900000.0,41.59,800,41.58,500,41.57,1400,41.56,100,41.54,100,41.6,6600,41.62,2400,41.63,6600,41.64,1200,41.65,600,HOLD
1780969878729,09:51:15,41.6,41.99,41.99,40.93,41.36,2340500.0,96940000.0,41.59,1400,41.58,500,41.57,1400,41.56,100,41.54,100,41.6,7700,41.62,2900,41.63,6600,41.64,1200,41.65,600,HOLD
1780969881739,09:51:18,41.59,41.99,41.99,40.93,41.36,2341200.0,96970000.0,41.59,700,41.58,600,41.57,1400,41.56,100,41.54,100,41.6,12700,41.62,2900,41.63,6600,41.64,1200,41.65,600,HOLD
1780969884768,09:51:21,41.59,41.99,41.99,40.93,41.36,2341900.0,97000000.0,41.58,600,41.57,1400,41.56,100,41.52,100,41.5,3500,41.59,4600,41.6,13200,41.62,2900,41.63,6600,41.64,1200,HOLD
1780969887755,09:51:24,41.59,41.99,41.99,40.93,41.36,2344100.0,97090000.0,41.58,600,41.57,1400,41.56,100,41.52,100,41.5,1500,41.59,4100,41.6,12200,41.62,3900,41.63,6600,41.64,1200,HOLD
1780969890766,09:51:27,41.68,41.99,41.99,40.93,41.36,2386400.0,98850000.0,41.67,100,41.66,200,41.63,2500,41.62,4500,41.61,700,41.68,600,41.69,1000,41.7,700,41.71,900,41.74,100,HOLD
1780969893771,09:51:30,41.68,41.99,41.99,40.93,41.36,2388300.0,98930000.0,41.64,2200,41.63,600,41.6,2900,41.59,1300,41.58,500,41.68,400,41.69,300,41.7,700,41.71,900,41.74,100,HOLD
1780969896803,09:51:33,41.68,41.99,41.99,40.93,41.36,2389100.0,98960000.0,41.66,400,41.64,2600,41.63,600,41.59,900,41.58,500,41.68,400,41.69,1800,41.7,700,41.71,900,41.74,100,HOLD
1780969899810,09:51:36,41.66,41.99,41.99,40.93,41.36,2389500.0,98980000.0,41.62,500,41.6,100,41.59,1500,41.58,500,41.57,200,41.67,600,41.68,1400,41.69,1800,41.7,700,41.71,900,HOLD
1780969902827,09:51:39,41.66,41.99,41.99,40.93,41.36,2389500.0,98980000.0,41.62,500,41.61,1000,41.6,100,41.59,1500,41.58,500,41.66,700,41.67,600,41.68,1600,41.69,700,41.7,700,HOLD
1780969905838,09:51:42,41.59,41.99,41.99,40.93,41.36,2393600.0,99150000.0,41.58,500,41.57,200,41.56,100,41.52,100,41.5,1500,41.6,800,41.62,900,41.66,800,41.67,600,41.68,1600,HOLD
1780969908849,09:51:45,41.57,41.99,41.99,40.93,41.36,2394300.0,99180000.0,41.56,100,41.5,1500,41.48,500,41.47,3200,41.45,100,41.58,300,41.59,200,41.6,500,41.62,1100,41.66,800,HOLD
1780969911862,09:51:48,41.56,41.99,41.99,40.93,41.36,2394600.0,99190000.0,41.5,1500,41.48,500,41.47,3200,41.45,100,41.4,700,41.56,300,41.58,200,41.59,200,41.6,300,41.62,600,HOLD
1780969914864,09:51:51,41.54,41.99,41.99,40.93,41.36,2394900.0,99200000.0,41.51,100,41.5,1500,41.47,3200,41.45,100,41.41,400,41.53,100,41.54,400,41.55,600,41.56,1100,41.57,800,HOLD
1780969917886,09:51:54,41.54,41.99,41.99,40.93,41.36,2395400.0,99220000.0,41.51,100,41.5,1500,41.47,3200,41.45,100,41.41,400,41.54,100,41.55,600,41.56,900,41.57,800,41.58,200,HOLD
1780969920889,09:51:57,41.51,41.99,41.99,40.93,41.36,2395900.0,99250000.0,41.53,1900,41.51,100,41.5,1500,41.47,3200,41.45,100,41.54,300,41.55,800,41.56,600,41.57,800,41.58,200,HOLD
1780969923903,09:52:00,41.51,41.99,41.99,40.93,41.36,2400300.0,99430000.0,41.5,2500,41.49,800,41.47,3200,41.45,100,41.41,400,41.51,100,41.54,300,41.55,800,41.56,600,41.57,800,HOLD
1780969926910,09:52:03,41.55,41.99,41.99,40.93,41.36,2402500.0,99520000.0,41.51,2400,41.5,2500,41.49,800,41.47,3200,41.45,100,41.56,100,41.57,800,41.58,200,41.59,200,41.6,700,HOLD
1780969929919,09:52:06,41.68,41.99,41.99,40.93,41.36,2407700.0,99740000.0,41.68,100,41.64,100,41.61,100,41.6,900,41.59,1200,41.69,600,41.7,700,41.71,900,41.75,20100,41.77,2000,HOLD
1780969932934,09:52:09,41.71,41.99,41.99,40.93,41.36,2416200.0,100090000.0,41.69,300,41.68,500,41.67,100,41.59,900,41.58,14200,41.71,400,41.75,20100,41.77,2000,41.78,2900,41.79,1200,HOLD
1780969935940,09:52:12,41.71,41.99,41.99,40.93,41.36,2420400.0,100260000.0,41.71,200,41.68,1100,41.67,100,41.59,900,41.58,14200,41.75,20100,41.77,2000,41.78,2900,41.79,1200,41.8,10200,HOLD
1780969938952,09:52:15,41.75,41.99,41.99,40.93,41.36,2421800.0,100320000.0,41.69,500,41.68,1400,41.67,100,41.59,900,41.58,14200,41.74,100,41.75,20000,41.77,2000,41.78,2900,41.79,1200,HOLD
1780969941957,09:52:18,41.73,41.99,41.99,40.93,41.36,2422400.0,100350000.0,41.69,500,41.68,1400,41.67,100,41.59,900,41.58,14200,41.73,500,41.74,100,41.75,20000,41.77,2000,41.78,2900,HOLD
1780969944980,09:52:21,41.7,41.99,41.99,40.93,41.36,2422500.0,100350000.0,41.69,600,41.68,1400,41.67,100,41.59,900,41.58,14200,41.7,6100,41.73,500,41.74,1200,41.75,20000,41.77,2000,HOLD
1780969947974,09:52:24,41.73,41.99,41.99,40.93,41.36,2431000.0,100710000.0,41.73,100,41.72,1100,41.71,400,41.7,400,41.69,1000,41.74,300,41.75,20200,41.77,2000,41.78,2900,41.79,1200,HOLD
1780969950978,09:52:27,41.79,41.99,41.99,40.93,41.36,2456800.0,101780000.0,41.79,100,41.78,2500,41.77,4900,41.74,2800,41.73,300,41.8,9400,41.81,2000,41.85,200,41.88,11800,41.89,1700,HOLD
1780969953981,09:52:30,41.82,41.99,41.99,40.93,41.36,2470700.0,102370000.0,41.83,100,41.82,1000,41.8,900,41.78,1600,41.77,100,41.88,10500,41.89,1700,41.9,6000,41.93,100,41.95,1500,HOLD
1780969956997,09:52:33,41.86,41.99,41.99,40.93,41.36,2470900.0,102370000.0,41.86,400,41.85,100,41.84,500,41.83,700,41.82,2300,41.88,10500,41.89,1700,41.9,5800,41.93,100,41.95,1500,HOLD
1780969960013,09:52:36,41.88,41.99,41.99,40.93,41.36,2471200.0,102390000.0,41.87,1000,41.86,400,41.85,100,41.84,500,41.82,1800,41.88,10300,41.89,1700,41.9,5800,41.93,100,41.95,1500,HOLD
1780969963030,09:52:39,41.89,41.99,41.99,40.93,41.36,2484800.0,102960000.0,41.89,800,41.88,3800,41.87,1700,41.86,400,41.84,500,41.9,5800,41.93,100,41.95,1500,41.96,2500,41.97,1000,HOLD
1780969966044,09:52:42,41.91,41.99,41.99,40.93,41.36,2493600.0,103320000.0,41.91,1300,41.9,700,41.88,5900,41.86,1200,41.84,500,41.96,1300,41.97,1000,41.98,4400,41.99,23400,42.0,50200,HOLD
1780969969061,09:52:45,41.94,41.99,41.99,40.93,41.36,2496600.0,103450000.0,41.91,1200,41.9,1000,41.88,7100,41.86,1200,41.84,1000,41.95,200,41.96,200,41.97,1000,41.98,4400,41.99,23400,HOLD
1780969972060,09:52:48,41.92,41.99,41.99,40.93,41.36,2502500.0,103700000.0,41.92,200,41.91,1400,41.9,2100,41.88,6800,41.86,1200,41.95,600,41.98,900,41.99,23400,42.0,50200,42.01,500,HOLD
1780969975070,09:52:51,41.99,41.99,41.99,40.93,41.36,2517200.0,104310000.0,41.91,2000,41.9,1400,41.88,6000,41.86,1200,41.84,1000,41.99,13200,42.0,49300,42.01,500,42.02,1300,42.03,100,HOLD
1780969978071,09:52:57,41.99,41.99,41.99,40.93,41.36,2520500.0,104450000.0,41.97,700,41.95,1000,41.92,100,41.91,2000,41.9,1500,41.99,12700,42.0,49400,42.01,500,42.02,1300,42.03,100,HOLD
1780969984091,09:53:00,41.98,41.99,41.99,40.93,41.36,2520700.0,104460000.0,41.97,4700,41.95,1000,41.92,100,41.91,2000,41.9,500,41.99,13700,42.0,47100,42.01,500,42.02,1300,42.03,100,HOLD
1780969987093,09:53:03,41.95,41.99,41.99,40.93,41.36,2555700.0,105930000.0,41.95,5100,41.92,100,41.91,2000,41.9,500,41.88,4800,41.97,900,41.98,900,41.99,2200,42.0,48400,42.01,500,HOLD
1780969990096,09:53:06,41.95,41.99,41.99,40.93,41.36,2560100.0,106120000.0,41.95,1800,41.92,100,41.91,2000,41.9,500,41.88,4800,41.98,1000,41.99,2900,42.0,48100,42.01,500,42.02,1300,HOLD
1780969993112,09:53:09,41.98,41.99,41.99,40.93,41.36,2565100.0,106330000.0,41.92,100,41.91,2000,41.9,500,41.88,4800,41.84,1000,41.95,300,41.98,300,41.99,3800,42.0,48100,42.01,500,HOLD
1780969996124,09:53:12,41.95,41.99,41.99,40.93,41.36,2568500.0,106470000.0,41.92,100,41.91,2000,41.9,500,41.88,4800,41.84,1000,41.95,500,41.99,3700,42.0,48200,42.01,500,42.02,1300,HOLD
1780969999124,09:53:15,41.99,41.99,41.99,40.93,41.36,2577300.0,106840000.0,41.91,1300,41.9,500,41.88,4300,41.84,1000,41.81,600,41.92,1000,41.99,3200,42.0,49200,42.01,500,42.02,1300,HOLD
1780970002128,09:53:21,41.91,41.99,41.99,40.93,41.36,2580300.0,106960000.0,41.91,1200,41.9,500,41.88,4300,41.84,1000,41.81,600,41.95,300,41.98,1200,41.99,24200,42.0,49100,42.01,500,HOLD
1780970008163,09:53:27,41.91,41.99,41.99,40.93,41.36,2590300.0,107380000.0,41.84,900,41.8,1100,41.78,400,41.76,1500,41.75,400,41.9,100,41.91,8300,41.97,1000,41.98,1200,41.99,31500,HOLD
1780970014161,09:53:30,41.9,41.99,41.99,40.93,41.36,2592600.0,107480000.0,41.8,1100,41.78,400,41.76,1500,41.74,2600,41.7,9900,41.84,200,41.9,300,41.91,8600,41.97,1000,41.98,1200,HOLD
1780970017171,09:53:33,41.84,41.99,41.99,40.93,41.36,2595400.0,107600000.0,41.76,1500,41.74,2600,41.7,9900,41.69,200,41.68,300,41.84,5300,41.9,200,41.91,5200,41.95,100,41.96,100,HOLD
1780970020184,09:53:36,41.84,41.99,41.99,40.93,41.36,2596900.0,107660000.0,41.76,1500,41.74,2000,41.7,9900,41.69,200,41.68,300,41.83,100,41.84,4700,41.9,500,41.91,5200,41.95,100,HOLD
1780970023186,09:53:39,41.76,41.99,41.99,40.93,41.36,2627700.0,108940000.0,41.7,1500,41.69,300,41.68,300,41.67,100,41.66,700,41.76,4200,41.8,200,41.82,1000,41.83,2300,41.84,200,HOLD
1780970026193,09:53:42,41.76,41.99,41.99,40.93,41.36,2628400.0,108970000.0,41.7,1300,41.69,300,41.68,300,41.67,200,41.66,700,41.76,4900,41.8,200,41.82,1000,41.83,2200,41.84,1000,HOLD
1780970029201,09:53:45,41.7,41.99,41.99,40.93,41.36,2629800.0,109030000.0,41.69,300,41.68,300,41.67,200,41.66,700,41.56,200,41.7,100,41.76,6300,41.8,200,41.83,2200,41.84,1000,HOLD
1780970032210,09:53:48,41.7,41.99,41.99,40.93,41.36,2630100.0,109040000.0,41.69,900,41.68,300,41.67,200,41.66,700,41.56,200,41.7,4400,41.76,6800,41.8,200,41.83,2200,41.84,1000,HOLD
1780970035217,09:53:51,41.7,41.99,41.99,40.93,41.36,2630100.0,109040000.0,41.69,1400,41.68,300,41.67,200,41.66,700,41.56,200,41.7,200,41.76,6700,41.8,200,41.83,2200,41.84,1000,HOLD
1780970038228,09:53:54,41.69,41.99,41.99,40.93,41.36,2631800.0,109110000.0,41.66,700,41.56,200,41.53,100,41.52,100,41.51,3100,41.7,900,41.76,6700,41.8,200,41.83,2200,41.84,1000,HOLD
1780970041235,09:53:57,41.66,41.99,41.99,40.93,41.36,2632700.0,109150000.0,41.56,200,41.53,100,41.52,100,41.51,3100,41.5,3600,41.69,900,41.7,1100,41.76,6400,41.8,200,41.83,2200,HOLD
1780970044241,09:54:00,41.66,41.99,41.99,40.93,41.36,2632700.0,109150000.0,41.58,100,41.57,300,41.56,400,41.53,100,41.52,100,41.65,300,41.68,600,41.69,1800,41.7,1000,41.76,2900,HOLD
1780970047251,09:54:03,41.57,41.99,41.99,40.93,41.36,2633200.0,109170000.0,41.56,200,41.53,100,41.52,100,41.51,3100,41.5,2900,41.62,3300,41.63,200,41.64,400,41.65,300,41.66,100,HOLD
1780970050291,09:54:06,41.53,41.99,41.99,40.93,41.36,2633500.0,109180000.0,41.51,3100,41.5,2900,41.49,300,41.47,3200,41.45,600,41.53,100,41.56,600,41.58,3500,41.62,3300,41.63,200,HOLD
1780970053268,09:54:09,41.56,41.99,41.99,40.93,41.36,2634400.0,109220000.0,41.51,3100,41.5,2900,41.49,300,41.47,3200,41.45,600,41.58,3500,41.62,3300,41.63,200,41.64,400,41.65,300,HOLD
1780970056274,09:54:12,41.51,41.99,41.99,40.93,41.36,2635700.0,109280000.0,41.53,400,41.51,2200,41.5,2900,41.49,300,41.48,100,41.58,3700,41.62,300,41.63,200,41.64,400,41.65,300,HOLD
1780970059287,09:54:15,41.57,41.99,41.99,40.93,41.36,2636300.0,109300000.0,41.57,300,41.55,1600,41.54,600,41.53,24500,41.51,2300,41.58,600,41.62,300,41.63,200,41.64,400,41.65,300,HOLD
1780970062289,09:54:18,41.56,41.99,41.99,40.93,41.36,2638500.0,109390000.0,41.55,2000,41.54,500,41.53,24500,41.51,2900,41.5,3900,41.62,300,41.63,200,41.64,400,41.65,300,41.66,300,HOLD
1780970065306,09:54:21,41.58,41.99,41.99,40.93,41.36,2640300.0,109470000.0,41.54,500,41.53,24500,41.51,3100,41.5,4100,41.49,300,41.58,300,41.6,1300,41.62,600,41.63,200,41.64,400,HOLD
1780970068331,09:54:24,41.57,41.99,41.99,40.93,41.36,2641800.0,109530000.0,41.57,1800,41.55,100,41.54,1100,41.53,24100,41.51,3100,41.58,300,41.6,1300,41.62,600,41.63,200,41.64,400,HOLD
1780970071326,09:54:30,41.58,41.99,41.99,40.93,41.36,2645100.0,109670000.0,41.58,1700,41.56,200,41.54,1300,41.53,24100,41.51,3000,41.6,800,41.62,600,41.63,200,41.64,400,41.65,200,HOLD
1780970074336,09:54:33,41.6,41.99,41.99,40.93,41.36,2645500.0,109680000.0,41.59,2400,41.58,1400,41.54,1300,41.53,24100,41.51,3000,41.6,900,41.62,600,41.63,200,41.64,400,41.65,200,HOLD
1780970080360,09:54:36,41.6,41.99,41.99,40.93,41.36,2646200.0,109710000.0,41.59,3200,41.58,1500,41.56,100,41.54,1300,41.53,24100,41.6,400,41.62,300,41.63,200,41.64,400,41.65,200,HOLD
1780970083368,09:54:39,41.56,41.99,41.99,40.93,41.36,2651000.0,109910000.0,41.54,700,41.53,24100,41.51,3000,41.5,4600,41.49,300,41.56,1000,41.58,400,41.59,100,41.6,800,41.63,200,HOLD
1780970086374,09:54:45,41.56,41.99,41.99,40.93,41.36,2653500.0,110020000.0,41.53,24600,41.51,3500,41.5,4600,41.49,300,41.48,100,41.54,200,41.55,400,41.58,500,41.59,600,41.6,600,HOLD
1780970092397,09:54:48,41.52,41.99,41.99,40.93,41.36,2687200.0,111420000.0,41.5,4500,41.49,300,41.47,3200,41.45,600,41.4,3900,41.53,8200,41.54,200,41.55,400,41.58,100,41.59,600,HOLD
1780970095403,09:54:51,41.53,41.99,41.99,40.93,41.36,2689500.0,111510000.0,41.5,4500,41.49,300,41.47,3200,41.45,600,41.4,3900,41.53,6100,41.54,200,41.55,400,41.58,100,41.59,600,HOLD
1780970098417,09:54:57,41.53,41.99,41.99,40.93,41.36,2694600.0,111720000.0,41.5,200,41.49,300,41.47,3200,41.45,600,41.4,3900,41.53,5400,41.54,200,41.58,100,41.59,600,41.6,600,HOLD
1780970104439,09:55:03,41.47,41.99,41.99,40.93,41.36,2696300.0,111790000.0,41.47,2100,41.45,600,41.4,3900,41.39,300,41.35,200,41.49,200,41.5,600,41.52,400,41.53,4500,41.58,100,HOLD
1780970110450,09:55:06,41.52,41.99,41.99,40.93,41.36,2699500.0,111930000.0,41.52,300,41.51,900,41.5,200,41.48,1600,41.47,2300,41.53,3800,41.58,100,41.59,200,41.6,600,41.63,100,HOLD
1780970113467,09:55:09,41.53,41.99,41.99,40.93,41.36,2700300.0,111960000.0,41.52,200,41.51,1400,41.5,200,41.49,1600,41.48,700,41.53,3400,41.58,100,41.59,200,41.6,600,41.63,100,HOLD
1780970119479,09:55:18,41.49,41.99,41.99,40.93,41.36,2704700.0,112140000.0,41.47,1900,41.45,600,41.4,4000,41.39,300,41.35,200,41.49,400,41.5,5500,41.52,2400,41.53,2700,41.58,100,HOLD
1780970122502,09:55:21,41.47,41.99,41.99,40.93,41.36,2706100.0,112200000.0,41.47,11900,41.45,600,41.4,4000,41.39,300,41.35,200,41.5,4900,41.52,2400,41.53,500,41.58,100,41.59,200,HOLD
1780970128515,09:55:24,41.5,41.99,41.99,40.93,41.36,2707100.0,112240000.0,41.48,900,41.47,11500,41.45,600,41.4,4000,41.39,300,41.5,3200,41.52,2100,41.53,500,41.58,100,41.59,200,HOLD
1780970131520,09:55:27,41.5,41.99,41.99,40.93,41.36,2708100.0,112280000.0,41.49,300,41.48,900,41.47,11500,41.45,700,41.4,4000,41.5,2200,41.52,800,41.53,500,41.58,100,41.59,200,HOLD
1780970134537,09:55:30,41.49,41.99,41.99,40.93,41.36,2709700.0,112350000.0,41.49,300,41.48,900,41.47,11500,41.45,700,41.4,4000,41.5,900,41.52,1600,41.53,400,41.59,200,41.6,600,HOLD
1780970137546,09:55:33,41.49,41.99,41.99,40.93,41.36,2709700.0,112350000.0,41.49,300,41.48,900,41.47,11500,41.45,700,41.4,5500,41.5,1600,41.52,1600,41.53,400,41.59,200,41.6,600,HOLD
1780970140553,09:55:36,41.52,41.99,41.99,40.93,41.36,2713200.0,112490000.0,41.52,200,41.5,700,41.49,100,41.48,900,41.47,12000,41.53,400,41.59,200,41.6,600,41.63,100,41.64,200,HOLD
1780970143558,09:55:39,41.53,41.99,41.99,40.93,41.36,2713900.0,112520000.0,41.53,900,41.52,300,41.5,200,41.49,100,41.48,1000,41.59,100,41.6,400,41.63,100,41.64,200,41.65,200,HOLD
1780970146570,09:55:45,41.54,41.99,41.99,40.93,41.36,2714600.0,112550000.0,41.53,1000,41.52,300,41.5,100,41.49,100,41.48,2200,41.59,300,41.6,400,41.63,100,41.64,200,41.65,200,HOLD
1780970149574,09:55:48,41.59,41.99,41.99,40.93,41.36,2715000.0,112570000.0,41.54,100,41.52,300,41.5,100,41.49,100,41.48,2200,41.6,500,41.63,100,41.64,200,41.65,200,41.66,300,HOLD
1780970152587,09:55:51,41.59,41.99,41.99,40.93,41.36,2715100.0,112570000.0,41.59,100,41.54,200,41.52,300,41.5,600,41.49,100,41.6,500,41.63,100,41.64,200,41.65,200,41.66,300,HOLD
1780970155595,09:55:54,41.6,41.99,41.99,40.93,41.36,2715900.0,112610000.0,41.53,700,41.52,300,41.5,600,41.49,100,41.48,1200,41.59,100,41.63,100,41.64,200,41.65,200,41.66,300,HOLD
1780970161610,09:56:00,41.59,41.99,41.99,40.93,41.36,2716000.0,112610000.0,41.59,600,41.54,1000,41.53,1300,41.52,300,41.5,700,41.62,100,41.63,100,41.64,200,41.65,200,41.66,300,HOLD
1780970167631,09:56:06,41.54,41.99,41.99,40.93,41.36,2717800.0,112690000.0,41.53,1200,41.52,300,41.5,700,41.49,100,41.48,1200,41.54,100,41.55,200,41.58,500,41.59,100,41.61,200,HOLD
1780970170645,09:56:09,41.54,41.99,41.99,40.93,41.36,2720600.0,112800000.0,41.54,1200,41.53,1200,41.52,300,41.5,700,41.49,100,41.59,500,41.61,200,41.62,100,41.63,100,41.64,200,HOLD
1780970176664,09:56:12,41.65,41.99,41.99,40.93,41.36,2721600.0,112840000.0,41.62,1100,41.61,300,41.6,800,41.59,100,41.55,1500,41.66,300,41.69,500,41.7,5500,41.76,1600,41.8,1300,HOLD
1780970179675,09:56:15,41.64,41.99,41.99,40.93,41.36,2722300.0,112870000.0,41.64,400,41.63,200,41.62,1100,41.59,100,41.55,1500,41.65,200,41.66,100,41.69,300,41.7,5300,41.76,1600,HOLD
1780970182683,09:56:21,41.65,41.99,41.99,40.93,41.36,2722800.0,112890000.0,41.65,1500,41.63,200,41.62,400,41.59,100,41.55,1500,41.66,100,41.69,300,41.7,5300,41.76,1600,41.8,1300,HOLD
1780970185696,09:56:24,41.66,41.99,41.99,40.93,41.36,2723000.0,112900000.0,41.67,1200,41.66,2400,41.65,2000,41.63,200,41.62,400,41.69,300,41.7,5300,41.76,1600,41.8,1300,41.83,100,HOLD
1780970191719,09:56:27,41.7,41.99,41.99,40.93,41.36,2726000.0,113030000.0,41.66,1400,41.65,2000,41.63,200,41.62,400,41.59,200,41.7,5200,41.76,1600,41.8,1300,41.83,100,41.87,100,HOLD
1780970194720,09:56:33,41.68,41.99,41.99,40.93,41.36,2727000.0,113070000.0,41.68,200,41.67,200,41.66,1700,41.62,400,41.59,200,41.7,4600,41.76,1600,41.8,1300,41.83,100,41.87,4100,HOLD
1780970197730,09:56:36,41.68,41.99,41.99,40.93,41.36,2727400.0,113090000.0,41.67,200,41.66,1700,41.63,500,41.62,400,41.59,200,41.68,100,41.7,5000,41.76,1600,41.8,1400,41.83,100,HOLD
1780970200734,09:56:39,41.68,41.99,41.99,40.93,41.36,2727400.0,113090000.0,41.67,200,41.66,1700,41.63,500,41.62,400,41.59,200,41.68,200,41.7,5000,41.76,1600,41.8,1500,41.83,100,HOLD
1780970203738,09:56:42,41.67,41.99,41.99,40.93,41.36,2727500.0,113090000.0,41.67,100,41.66,1700,41.63,500,41.62,400,41.59,200,41.68,100,41.7,5400,41.76,1600,41.8,1500,41.83,100,HOLD
1780970209754,09:56:45,41.76,41.99,41.99,40.93,41.36,2735100.0,113410000.0,41.73,1700,41.72,100,41.71,100,41.7,4500,41.68,3400,41.76,100,41.8,1500,41.83,100,41.87,4800,41.88,29300,HOLD
1780970212768,09:56:51,41.87,41.99,41.99,40.93,41.36,2738000.0,113530000.0,41.81,300,41.8,600,41.77,200,41.76,500,41.75,400,41.87,3800,41.88,29300,41.89,700,41.9,2800,41.91,2000,HOLD
1780970218775,09:56:54,41.82,41.99,41.99,40.93,41.36,2738400.0,113540000.0,41.81,400,41.8,600,41.77,200,41.76,300,41.75,400,41.86,100,41.87,3700,41.88,29300,41.89,700,41.9,2800,HOLD
1780970221789,09:56:57,41.86,41.99,41.99,40.93,41.36,2738500.0,113550000.0,41.81,400,41.8,700,41.77,200,41.76,900,41.75,400,41.87,3700,41.88,29300,41.89,700,41.9,2800,41.91,2000,HOLD
1780970224795,09:57:03,41.87,41.99,41.99,40.93,41.36,2742400.0,113710000.0,41.81,500,41.8,600,41.77,200,41.76,900,41.74,100,41.87,6400,41.88,29300,41.89,700,41.9,2800,41.91,2000,HOLD
1780970227804,09:57:06,41.8,41.99,41.99,40.93,41.36,2743700.0,113770000.0,41.77,200,41.76,900,41.74,100,41.73,2200,41.71,100,41.79,600,41.81,2300,41.86,1300,41.87,6300,41.88,29300,HOLD
1780970233817,09:57:12,41.76,41.99,41.99,40.93,41.36,2744100.0,113780000.0,41.76,700,41.74,100,41.73,1600,41.71,100,41.7,200,41.78,2000,41.79,400,41.81,1900,41.86,5100,41.87,7600,HOLD
1780970236822,09:57:15,41.78,41.99,41.99,40.93,41.36,2744600.0,113800000.0,41.74,100,41.73,1600,41.71,100,41.7,200,41.68,3200,41.77,100,41.78,700,41.81,1900,41.86,5500,41.87,7600,HOLD
1780970239835,09:57:18,41.78,41.99,41.99,40.93,41.36,2745100.0,113820000.0,41.74,100,41.73,1600,41.71,200,41.7,200,41.68,3200,41.78,500,41.8,100,41.81,1900,41.86,5500,41.87,7600,HOLD
1780970245846,09:57:24,41.78,41.99,41.99,40.93,41.36,2745100.0,113820000.0,41.77,400,41.75,100,41.74,300,41.73,1600,41.71,200,41.78,200,41.8,200,41.81,2400,41.86,5500,41.87,7600,HOLD
1780970248861,09:57:27,41.75,41.99,41.99,40.93,41.36,2745800.0,113850000.0,41.74,300,41.73,1600,41.71,200,41.7,200,41.68,3200,41.75,10000,41.76,300,41.78,1100,41.8,100,41.81,2500,HOLD
1780970254884,09:57:30,41.75,41.99,41.99,40.93,41.36,2745800.0,113850000.0,41.74,300,41.73,1600,41.71,800,41.7,900,41.68,3200,41.75,10000,41.76,300,41.77,1000,41.78,1000,41.8,100,HOLD
1780970257892,09:57:33,41.73,41.99,41.99,40.93,41.36,2747800.0,113940000.0,41.71,800,41.7,900,41.68,3200,41.66,1500,41.62,100,41.74,100,41.75,10000,41.76,300,41.77,1000,41.78,1000,HOLD
1780970260905,09:57:36,41.66,41.99,41.99,40.93,41.36,2754700.0,114230000.0,41.62,100,41.6,3100,41.59,100,41.54,1700,41.53,100,41.68,1200,41.7,800,41.71,300,41.74,100,41.75,9800,HOLD
1780970263909,09:57:42,41.62,41.99,41.99,40.93,41.36,2754900.0,114230000.0,41.6,3300,41.59,100,41.54,1700,41.53,100,41.52,200,41.67,100,41.68,300,41.73,200,41.74,100,41.75,9800,HOLD
1780970266918,09:57:45,41.6,41.99,41.99,40.93,41.36,2756000.0,114280000.0,41.6,2200,41.59,100,41.54,1700,41.53,100,41.52,200,41.62,2000,41.67,300,41.73,200,41.74,100,41.75,9700,HOLD
1780970269933,09:57:48,41.6,41.99,41.99,40.93,41.36,2756000.0,114280000.0,41.6,2200,41.59,200,41.54,1700,41.53,100,41.52,200,41.61,100,41.62,2000,41.67,200,41.73,200,41.74,100,HOLD
1780970275932,09:57:54,41.62,41.99,41.99,40.93,41.36,2756300.0,114290000.0,41.61,500,41.6,4900,41.59,200,41.54,1700,41.53,100,41.62,1800,41.67,200,41.73,200,41.74,100,41.75,9700,HOLD
1780970278945,09:57:57,41.61,41.99,41.99,40.93,41.36,2756900.0,114320000.0,41.61,100,41.6,4900,41.59,200,41.54,1700,41.53,100,41.69,4300,41.72,600,41.73,400,41.74,100,41.75,9700,HOLD
1780970284963,09:58:03,41.61,41.99,41.99,40.93,41.36,2757000.0,114320000.0,41.6,4900,41.59,200,41.54,1700,41.53,100,41.52,200,41.61,200,41.65,100,41.69,4300,41.72,600,41.73,400,HOLD
1780970287973,09:58:06,41.69,41.99,41.99,40.93,41.36,2763800.0,114600000.0,41.69,300,41.68,200,41.67,300,41.65,1600,41.64,100,41.73,200,41.74,100,41.75,9700,41.76,300,41.8,1400,HOLD
1780970290986,09:58:09,41.75,41.99,41.99,40.93,41.36,2766100.0,114700000.0,41.71,100,41.7,300,41.67,300,41.65,1600,41.64,100,41.75,7700,41.76,300,41.8,1400,41.81,700,41.85,2000,HOLD
1780970296992,09:58:15,41.77,41.99,41.99,40.93,41.36,2774800.0,115060000.0,41.78,200,41.77,100,41.76,100,41.75,300,41.74,100,41.8,1200,41.81,700,41.85,2000,41.86,300,41.87,11500,HOLD
1780970300001,09:58:18,41.81,41.99,41.99,40.93,41.36,2776700.0,115140000.0,41.81,100,41.8,2000,41.79,100,41.76,100,41.75,300,41.85,2000,41.86,300,41.87,11500,41.88,30100,41.89,700,HOLD
1780970303009,09:58:21,41.85,41.99,41.99,40.93,41.36,2778900.0,115230000.0,41.81,200,41.8,2000,41.79,100,41.76,100,41.75,300,41.86,300,41.87,11500,41.88,30100,41.89,700,41.9,5500,HOLD
1780970306020,09:58:24,41.87,41.99,41.99,40.93,41.36,2783700.0,115440000.0,41.81,300,41.79,100,41.75,300,41.74,100,41.73,200,41.86,500,41.87,7500,41.88,30200,41.89,700,41.9,10500,HOLD
1780970309024,09:58:27,41.87,41.99,41.99,40.93,41.36,2784300.0,115460000.0,41.85,26900,41.81,300,41.8,500,41.79,100,41.74,100,41.87,7000,41.88,30100,41.89,700,41.9,10500,41.91,2000,HOLD
1780970312033,09:58:30,41.85,41.99,41.99,40.93,41.36,2785200.0,115500000.0,41.85,26500,41.83,500,41.81,300,41.79,100,41.74,100,41.87,23900,41.88,30100,41.89,700,41.9,10500,41.91,2000,HOLD
1780970318058,09:58:36,41.85,41.99,41.99,40.93,41.36,2814500.0,116720000.0,41.81,4800,41.79,100,41.74,100,41.73,200,41.71,100,41.85,2300,41.86,300,41.87,23900,41.88,29300,41.89,700,HOLD
1780970321070,09:58:39,41.85,41.99,41.99,40.93,41.36,2814500.0,116720000.0,41.84,300,41.81,4800,41.79,100,41.74,100,41.73,200,41.85,2300,41.86,300,41.87,23900,41.88,29300,41.89,700,HOLD
1780970327085,09:58:42,41.85,41.99,41.99,40.93,41.36,2816700.0,116820000.0,41.84,1600,41.81,4800,41.79,100,41.74,100,41.73,200,41.85,100,41.86,300,41.87,23900,41.88,29400,41.89,700,HOLD
1780970330087,09:58:48,41.87,41.99,41.99,40.93,41.36,2822400.0,117060000.0,41.85,1300,41.84,1600,41.81,4800,41.79,100,41.74,100,41.87,2500,41.88,29400,41.89,1200,41.9,5900,41.91,2000,HOLD
1780970333099,09:58:51,41.85,41.99,41.99,40.93,41.36,2824300.0,117140000.0,41.85,400,41.84,1600,41.81,4800,41.79,100,41.74,100,41.86,100,41.87,1800,41.88,29400,41.89,1200,41.9,6000,HOLD
1780970336109,09:58:54,41.85,41.99,41.99,40.93,41.36,2824500.0,117140000.0,41.85,300,41.84,1600,41.81,4800,41.79,100,41.74,100,41.87,2100,41.88,29400,41.89,1200,41.9,6300,41.91,2000,HOLD
1780970339118,09:58:57,41.85,41.99,41.99,40.93,41.36,2825600.0,117190000.0,41.84,1600,41.81,4800,41.79,100,41.74,100,41.71,100,41.85,700,41.87,1300,41.88,29400,41.89,1200,41.9,6300,HOLD
1780970345141,09:59:00,41.84,41.99,41.99,40.93,41.36,2827200.0,117260000.0,41.81,4800,41.74,100,41.71,100,41.61,3500,41.6,4700,41.84,800,41.85,3200,41.87,1800,41.88,29500,41.89,1200,HOLD
1780970348154,09:59:06,41.81,41.99,41.99,40.93,41.36,2832000.0,117460000.0,41.75,900,41.74,100,41.71,100,41.61,3500,41.6,2100,41.82,200,41.83,200,41.84,1100,41.85,3700,41.87,1600,HOLD
1780970351184,09:59:09,41.81,41.99,41.99,40.93,41.36,2833100.0,117500000.0,41.74,100,41.71,100,41.66,200,41.61,3500,41.6,2100,41.82,600,41.83,200,41.84,800,41.85,3700,41.87,1600,HOLD
1780970354170,09:59:12,41.81,41.99,41.99,40.93,41.36,2833100.0,117500000.0,41.74,100,41.71,100,41.66,200,41.61,3500,41.6,2100,41.81,100,41.82,600,41.83,200,41.84,800,41.85,1500,HOLD
1780970357178,09:59:15,41.81,41.99,41.99,40.93,41.36,2833900.0,117540000.0,41.75,100,41.74,100,41.71,100,41.66,200,41.61,3500,41.8,100,41.81,100,41.82,600,41.83,200,41.84,800,HOLD
1780970360180,09:59:18,41.75,41.99,41.99,40.93,41.36,2834000.0,117540000.0,41.74,100,41.71,100,41.66,200,41.61,3500,41.6,2100,41.75,8100,41.8,100,41.81,100,41.82,600,41.83,200,HOLD
1780970363190,09:59:21,41.75,41.99,41.99,40.93,41.36,2836000.0,117620000.0,41.74,100,41.71,100,41.69,100,41.63,100,41.61,3500,41.75,6200,41.8,100,41.81,100,41.82,600,41.83,200,HOLD
1780970366193,09:59:24,41.74,41.99,41.99,40.93,41.36,2836100.0,117630000.0,41.71,100,41.69,100,41.63,300,41.61,3500,41.6,2100,41.75,6200,41.8,600,41.81,400,41.82,600,41.83,100,HOLD
1780970369201,09:59:27,41.73,41.99,41.99,40.93,41.36,2836400.0,117640000.0,41.72,1000,41.71,100,41.69,100,41.63,300,41.61,3500,41.75,6200,41.8,600,41.81,400,41.82,600,41.83,100,HOLD
1780970372205,09:59:30,41.7,41.99,41.99,40.93,41.36,2838500.0,117730000.0,41.68,100,41.66,100,41.63,300,41.61,3500,41.6,2100,41.7,200,41.71,200,41.75,6200,41.8,600,41.81,400,HOLD
1780970375210,09:59:33,41.7,41.99,41.99,40.93,41.36,2838700.0,117740000.0,41.7,1200,41.68,100,41.66,100,41.63,300,41.61,3500,41.71,200,41.75,6300,41.8,600,41.81,400,41.82,600,HOLD
1780970381229,09:59:39,41.74,41.99,41.99,40.93,41.36,2840500.0,117810000.0,41.71,200,41.7,10200,41.68,100,41.66,100,41.61,3500,41.75,6500,41.8,600,41.81,400,41.82,600,41.84,800,HOLD
1780970384238,09:59:42,41.75,41.99,41.99,40.93,41.36,2841000.0,117830000.0,41.7,10000,41.68,100,41.66,100,41.61,3500,41.6,2100,41.71,600,41.74,100,41.75,6100,41.8,600,41.81,400,HOLD
1780970387241,09:59:45,41.75,41.99,41.99,40.93,41.36,2841000.0,117830000.0,41.7,10000,41.68,100,41.66,100,41.61,3500,41.6,2100,41.71,700,41.72,1900,41.75,6100,41.8,600,41.81,400,HOLD
1780970390259,09:59:48,41.7,41.99,41.99,40.93,41.36,2842000.0,117870000.0,41.7,9000,41.68,100,41.66,700,41.61,3500,41.6,2100,41.71,700,41.72,1900,41.75,6100,41.8,600,41.81,400,HOLD
1780970393261,09:59:51,41.71,41.99,41.99,40.93,41.36,2842700.0,117900000.0,41.7,8800,41.68,100,41.66,700,41.61,3500,41.6,2600,41.71,400,41.72,1900,41.75,6100,41.8,700,41.81,400,HOLD
1780970396274,09:59:54,41.75,41.99,41.99,40.93,41.36,2850300.0,118220000.0,41.74,200,41.72,1000,41.71,800,41.7,11800,41.66,700,41.75,600,41.8,700,41.81,400,41.82,800,41.84,800,HOLD
1780970399282,09:59:57,41.75,41.99,41.99,40.93,41.36,2850900.0,118250000.0,41.76,100,41.75,700,41.74,500,41.72,900,41.71,900,41.8,700,41.81,400,41.82,600,41.84,800,41.85,8400,HOLD
1780970405293,10:00:00,41.8,41.99,41.99,40.93,41.36,2851600.0,118280000.0,41.8,600,41.76,200,41.75,700,41.74,500,41.72,900,41.81,400,41.82,600,41.84,800,41.85,8400,41.86,100,HOLD
1780970408308,10:00:06,41.84,41.99,41.99,40.93,41.36,2853100.0,118340000.0,41.82,1500,41.81,1500,41.8,300,41.77,300,41.76,200,41.84,500,41.85,8400,41.86,100,41.87,700,41.88,30300,HOLD
1780970414318,10:00:09,41.84,41.99,41.99,40.93,41.36,2853600.0,118360000.0,41.84,800,41.82,3500,41.81,200,41.8,200,41.77,300,41.85,3400,41.86,100,41.87,700,41.88,30300,41.89,1200,HOLD
1780970417335,10:00:12,41.85,41.99,41.99,40.93,41.36,2855000.0,118420000.0,41.84,1000,41.82,2000,41.81,200,41.8,200,41.77,300,41.85,700,41.86,100,41.87,700,41.88,30300,41.89,1200,HOLD
1780970420343,10:00:15,41.85,41.99,41.99,40.93,41.36,2855800.0,118450000.0,41.84,400,41.82,2000,41.8,800,41.78,800,41.77,300,41.86,1400,41.87,300,41.88,30300,41.89,1200,41.9,2400,HOLD
1780970426352,10:00:18,41.85,41.99,41.99,40.93,41.36,2856800.0,118490000.0,41.85,100,41.84,700,41.82,1800,41.8,800,41.78,800,41.86,1500,41.87,300,41.88,30300,41.89,1200,41.9,2400,HOLD
1780970429357,10:00:24,41.86,41.99,41.99,40.93,41.36,2858300.0,118560000.0,41.82,1800,41.8,200,41.78,800,41.77,300,41.75,200,41.86,1300,41.87,300,41.88,30300,41.89,1000,41.9,2400,HOLD
1780970432364,10:00:30,41.78,41.99,41.99,40.93,41.36,2861700.0,118700000.0,41.76,100,41.75,200,41.72,600,41.7,11900,41.66,100,41.8,1200,41.83,2000,41.86,3800,41.87,600,41.88,30300,HOLD
1780970435369,10:00:33,41.8,41.99,41.99,40.93,41.36,2862300.0,118720000.0,41.76,100,41.75,200,41.72,600,41.7,11900,41.66,100,41.8,600,41.82,100,41.83,2000,41.86,4100,41.87,600,HOLD
1780970441390,10:00:39,41.76,41.99,41.99,40.93,41.36,2866600.0,118900000.0,41.75,200,41.74,100,41.72,600,41.7,11900,41.66,100,41.8,1400,41.82,300,41.83,2000,41.86,4100,41.87,600,HOLD
1780970447401,10:00:42,41.8,41.99,41.99,40.93,41.36,2866700.0,118910000.0,41.77,100,41.76,300,41.75,200,41.74,100,41.72,600,41.8,1400,41.82,300,41.83,2000,41.85,100,41.86,3800,HOLD
1780970450410,10:00:45,41.78,41.99,41.99,40.93,41.36,2867400.0,118940000.0,41.77,100,41.76,2200,41.75,200,41.74,100,41.72,600,41.78,1100,41.79,100,41.8,1000,41.82,300,41.83,2000,HOLD
1780970453425,10:00:51,41.78,41.99,41.99,40.93,41.36,2869900.0,119040000.0,41.77,100,41.76,2200,41.75,200,41.74,100,41.72,600,41.8,1000,41.82,300,41.83,2000,41.85,100,41.86,2200,HOLD
1780970456442,10:00:54,41.78,41.99,41.99,40.93,41.36,2870100.0,119050000.0,41.76,2200,41.75,200,41.74,100,41.72,600,41.71,100,41.77,400,41.78,800,41.79,200,41.8,1000,41.82,300,HOLD
1780970459445,10:00:57,41.77,41.99,41.99,40.93,41.36,2870500.0,119070000.0,41.78,800,41.77,1300,41.76,2200,41.75,200,41.74,100,41.79,500,41.8,1000,41.82,300,41.83,2000,41.85,100,HOLD
1780970462447,10:01:00,41.79,41.99,41.99,40.93,41.36,2871400.0,119100000.0,41.77,1300,41.76,2200,41.75,200,41.74,100,41.72,600,41.79,400,41.8,1200,41.82,300,41.83,2000,41.85,100,HOLD
1780970465454,10:01:03,41.72,41.99,41.99,40.93,41.36,2875700.0,119280000.0,41.71,100,41.7,12000,41.66,100,41.61,3500,41.6,2600,41.72,1000,41.77,1400,41.79,2800,41.8,1200,41.82,300,HOLD
1780970468457,10:01:06,41.76,41.99,41.99,40.93,41.36,2877300.0,119350000.0,41.71,900,41.7,12000,41.69,100,41.67,400,41.66,100,41.76,200,41.77,1200,41.79,2800,41.8,1100,41.82,300,HOLD
1780970471461,10:01:09,41.76,41.99,41.99,40.93,41.36,2878200.0,119390000.0,41.71,1400,41.7,12000,41.69,100,41.67,400,41.66,100,41.77,1200,41.78,300,41.79,2800,41.8,1100,41.82,300,HOLD
1780970474477,10:01:12,41.77,41.99,41.99,40.93,41.36,2878300.0,119390000.0,41.74,500,41.73,1700,41.72,500,41.71,1700,41.7,12000,41.77,1100,41.78,300,41.79,2800,41.8,1100,41.82,300,HOLD
1780970477493,10:01:15,41.76,41.99,41.99,40.93,41.36,2879600.0,119450000.0,41.76,300,41.75,200,41.74,500,41.73,2200,41.72,600,41.77,300,41.78,300,41.79,2800,41.8,1300,41.82,300,HOLD
1780970480492,10:01:18,41.77,41.99,41.99,40.93,41.36,2879900.0,119460000.0,41.77,1600,41.76,400,41.74,500,41.73,2000,41.72,100,41.78,300,41.79,2800,41.8,1300,41.82,100,41.83,2000,HOLD
1780970483504,10:01:21,41.78,41.99,41.99,40.93,41.36,2880100.0,119470000.0,41.77,1500,41.76,500,41.74,400,41.73,2000,41.72,100,41.78,200,41.79,1600,41.8,1300,41.82,100,41.83,2000,HOLD
1780970486512,10:01:24,41.78,41.99,41.99,40.93,41.36,2880400.0,119480000.0,41.78,100,41.77,2900,41.76,500,41.74,400,41.73,2000,41.79,900,41.8,1300,41.82,100,41.83,2000,41.85,400,HOLD
1780970489525,10:01:27,41.76,41.99,41.99,40.93,41.36,2883500.0,119610000.0,41.75,600,41.74,200,41.73,2000,41.72,100,41.71,400,41.76,7200,41.79,1000,41.8,700,41.82,100,41.83,2000,HOLD
1780970492537,10:01:30,41.76,41.99,41.99,40.93,41.36,2884200.0,119640000.0,41.75,600,41.74,200,41.73,2000,41.72,100,41.71,400,41.76,6600,41.77,100,41.79,1400,41.8,700,41.82,100,HOLD
1780970495549,10:01:33,41.76,41.99,41.99,40.93,41.36,2886700.0,119740000.0,41.75,1300,41.74,200,41.73,2000,41.72,100,41.71,400,41.76,4300,41.77,1100,41.79,1400,41.8,700,41.82,100,HOLD
1780970498563,10:01:36,41.76,41.99,41.99,40.93,41.36,2890900.0,119920000.0,41.76,100,41.75,700,41.74,200,41.73,1500,41.72,100,41.77,5500,41.79,1400,41.8,700,41.82,100,41.83,2000,HOLD
1780970501584,10:01:39,41.75,41.99,41.99,40.93,41.36,2892800.0,120000000.0,41.74,200,41.73,1500,41.72,100,41.71,400,41.7,3900,41.75,700,41.77,4700,41.79,1400,41.8,700,41.82,100,HOLD
1780970504593,10:01:42,41.76,41.99,41.99,40.93,41.36,2893800.0,120040000.0,41.76,500,41.74,500,41.73,1500,41.72,100,41.71,400,41.77,4700,41.79,1400,41.8,700,41.82,100,41.83,2000,HOLD
1780970507604,10:01:45,41.77,41.99,41.99,40.93,41.36,2898200.0,120220000.0,41.76,500,41.74,500,41.73,1500,41.72,100,41.71,400,41.77,400,41.79,1400,41.8,700,41.82,100,41.83,2000,HOLD
1780970510609,10:01:48,41.76,41.99,41.99,40.93,41.36,2899400.0,120270000.0,41.75,400,41.74,400,41.73,1500,41.72,100,41.71,400,41.76,1800,41.77,400,41.79,1400,41.8,700,41.82,100,HOLD
1780970513623,10:01:51,41.77,41.99,41.99,40.93,41.36,2901700.0,120370000.0,41.75,300,41.74,400,41.73,1500,41.72,100,41.71,400,41.79,1400,41.8,700,41.82,100,41.83,2000,41.85,500,HOLD
1780970516635,10:01:54,41.79,41.99,41.99,40.93,41.36,2904000.0,120460000.0,41.79,300,41.77,200,41.76,1400,41.75,200,41.74,200,41.82,100,41.83,2000,41.85,500,41.86,1900,41.87,200,HOLD
1780970519641,10:01:57,41.82,41.99,41.99,40.93,41.36,2904100.0,120470000.0,41.81,100,41.8,100,41.79,300,41.77,200,41.76,1400,41.83,2000,41.85,500,41.86,1900,41.87,200,41.88,30800,HOLD
1780970522647,10:02:00,41.8,41.99,41.99,40.93,41.36,2905400.0,120520000.0,41.79,200,41.78,500,41.77,200,41.76,1400,41.75,200,41.8,200,41.83,2100,41.85,500,41.86,1900,41.87,200,HOLD
1780970525648,10:02:03,41.78,41.99,41.99,40.93,41.36,2906400.0,120560000.0,41.77,9400,41.76,1400,41.75,200,41.74,400,41.73,1500,41.78,700,41.8,200,41.83,2100,41.85,500,41.86,1900,HOLD
1780970531656,10:02:09,41.74,41.99,41.99,40.93,41.36,2917600.0,121030000.0,41.73,1300,41.72,100,41.71,400,41.7,3900,41.69,100,41.74,1000,41.76,6700,41.77,2100,41.78,400,41.79,1200,HOLD
1780970534670,10:02:12,41.76,41.99,41.99,40.93,41.36,2922000.0,121220000.0,41.71,400,41.7,3900,41.69,100,41.67,400,41.66,100,41.76,4800,41.77,2100,41.78,400,41.79,1200,41.8,200,HOLD
1780970537697,10:02:15,41.7,41.99,41.99,40.93,41.36,2926300.0,121400000.0,41.62,200,41.61,4600,41.6,2100,41.59,200,41.58,800,41.7,4000,41.71,2100,41.75,100,41.76,100,41.77,2100,HOLD
1780970540690,10:02:18,41.69,41.99,41.99,40.93,41.36,2927200.0,121430000.0,41.63,500,41.62,300,41.61,4600,41.6,2100,41.59,200,41.7,900,41.71,2300,41.75,100,41.77,2100,41.78,300,HOLD
1780970543701,10:02:21,41.69,41.99,41.99,40.93,41.36,2927200.0,121430000.0,41.64,100,41.63,700,41.62,300,41.61,4600,41.6,2100,41.7,900,41.71,2100,41.75,100,41.77,2100,41.78,300,HOLD
1780970546703,10:02:24,41.69,41.99,41.99,40.93,41.36,2927200.0,121430000.0,41.64,100,41.63,700,41.62,300,41.61,4800,41.6,2100,41.69,700,41.7,500,41.71,2100,41.75,100,41.77,2100,HOLD
1780970549707,10:02:27,41.69,41.99,41.99,40.93,41.36,2927400.0,121440000.0,41.64,100,41.63,700,41.62,300,41.61,5000,41.6,2100,41.69,900,41.7,500,41.75,100,41.77,2100,41.78,300,HOLD
1780970552715,10:02:30,41.69,41.99,41.99,40.93,41.36,2927700.0,121450000.0,41.67,200,41.65,100,41.64,300,41.63,700,41.62,300,41.69,600,41.7,500,41.75,100,41.77,2100,41.78,300,HOLD
1780970555724,10:02:33,41.69,41.99,41.99,40.93,41.36,2927700.0,121450000.0,41.68,100,41.67,200,41.65,400,41.64,300,41.62,300,41.69,600,41.7,600,41.75,100,41.77,2100,41.78,300,HOLD
1780970558736,10:02:36,41.69,41.99,41.99,40.93,41.36,2928800.0,121500000.0,41.68,900,41.67,200,41.65,400,41.64,300,41.62,300,41.69,200,41.7,600,41.75,100,41.77,2100,41.78,300,HOLD
1780970561759,10:02:39,41.69,41.99,41.99,40.93,41.36,2929300.0,121520000.0,41.68,900,41.67,200,41.65,400,41.64,200,41.62,300,41.69,200,41.7,600,41.75,100,41.77,2100,41.78,300,HOLD
1780970564751,10:02:42,41.68,41.99,41.99,40.93,41.36,2930300.0,121560000.0,41.67,200,41.65,400,41.64,200,41.62,300,41.61,5000,41.68,600,41.69,500,41.7,600,41.75,100,41.77,2100,HOLD
1780970567755,10:02:45,41.67,41.99,41.99,40.93,41.36,2930600.0,121570000.0,41.65,400,41.64,200,41.62,300,41.61,5000,41.6,2100,41.67,100,41.68,600,41.69,500,41.7,600,41.75,100,HOLD
1780970570761,10:02:48,41.65,41.99,41.99,40.93,41.36,2931200.0,121600000.0,41.62,1000,41.61,5000,41.6,2100,41.59,200,41.58,800,41.65,4600,41.67,500,41.69,200,41.7,600,41.75,100,HOLD
1780970576779,10:02:54,41.6,41.99,41.99,40.93,41.36,2938100.0,121890000.0,41.6,200,41.59,200,41.58,800,41.56,10500,41.55,400,41.61,100,41.62,300,41.63,10100,41.65,4600,41.67,500,HOLD
1780970579779,10:02:57,41.6,41.99,41.99,40.93,41.36,2938100.0,121890000.0,41.6,200,41.59,200,41.58,800,41.56,11000,41.55,400,41.61,100,41.62,300,41.63,10100,41.65,4600,41.67,500,HOLD
1780970582785,10:03:00,41.6,41.99,41.99,40.93,41.36,2938300.0,121900000.0,41.59,200,41.58,800,41.56,11000,41.55,400,41.54,2200,41.6,200,41.62,300,41.65,4600,41.67,500,41.68,500,HOLD
1780970585793,10:03:03,41.61,41.99,41.99,40.93,41.36,2938800.0,121920000.0,41.6,1300,41.59,200,41.58,800,41.56,11000,41.55,400,41.62,300,41.65,2600,41.67,500,41.68,500,41.69,200,HOLD
1780970588797,10:03:06,41.68,41.99,41.99,40.93,41.36,2944500.0,122150000.0,41.67,100,41.66,900,41.65,2800,41.61,100,41.6,1400,41.69,100,41.7,500,41.75,100,41.76,100,41.77,1900,HOLD
1780970591811,10:03:09,41.69,41.99,41.99,40.93,41.36,2944900.0,122170000.0,41.67,100,41.66,800,41.65,2500,41.64,500,41.61,100,41.7,500,41.75,100,41.76,100,41.77,1900,41.78,300,HOLD
1780970594818,10:03:12,41.69,41.99,41.99,40.93,41.36,2944900.0,122170000.0,41.67,700,41.66,800,41.65,2500,41.61,100,41.6,1400,41.7,500,41.75,100,41.76,100,41.77,1900,41.78,300,HOLD
1780970597826,10:03:15,41.7,41.99,41.99,40.93,41.36,2947500.0,122280000.0,41.68,100,41.67,700,41.66,800,41.65,2500,41.61,100,41.75,100,41.76,100,41.77,1900,41.78,300,41.79,1200,HOLD
1780970600830,10:03:18,41.7,41.99,41.99,40.93,41.36,2947500.0,122280000.0,41.69,200,41.68,100,41.67,600,41.65,2500,41.61,100,41.74,200,41.75,100,41.76,100,41.77,1900,41.78,300,HOLD
1780970603839,10:03:21,41.7,41.99,41.99,40.93,41.36,2947500.0,122280000.0,41.7,300,41.69,200,41.68,100,41.67,600,41.65,2500,41.73,200,41.74,200,41.75,100,41.76,100,41.77,1900,HOLD
1780970606843,10:03:24,41.7,41.99,41.99,40.93,41.36,2947800.0,122290000.0,41.69,200,41.68,100,41.67,600,41.65,4500,41.61,100,41.7,400,41.73,200,41.74,200,41.75,100,41.76,100,HOLD
1780970609857,10:03:27,41.67,41.99,41.99,40.93,41.36,2948300.0,122310000.0,41.67,500,41.65,2000,41.61,100,41.6,3400,41.59,200,41.69,100,41.7,100,41.73,200,41.74,200,41.75,100,HOLD
1780970612861,10:03:30,41.65,41.99,41.99,40.93,41.36,2950400.0,122400000.0,41.65,400,41.6,3400,41.59,200,41.58,800,41.57,500,41.67,3200,41.68,800,41.69,700,41.7,100,41.73,200,HOLD
1780970615882,10:03:33,41.65,41.99,41.99,40.93,41.36,2950900.0,122420000.0,41.6,3500,41.59,200,41.58,900,41.56,10500,41.55,700,41.65,6400,41.66,500,41.67,3400,41.68,800,41.69,700,HOLD
1780970618882,10:03:36,41.59,41.99,41.99,40.93,41.36,2959700.0,122790000.0,41.56,7500,41.55,700,41.54,2200,41.53,100,41.52,200,41.59,1200,41.6,10400,41.64,100,41.65,6400,41.66,500,HOLD
1780970621901,10:03:39,41.59,41.99,41.99,40.93,41.36,2961600.0,122860000.0,41.56,5700,41.55,700,41.54,1700,41.53,100,41.52,200,41.59,1400,41.6,10400,41.64,100,41.65,1200,41.66,500,HOLD
1780970624903,10:03:42,41.56,41.99,41.99,40.93,41.36,2970000.0,123210000.0,41.55,1000,41.54,1700,41.53,100,41.52,600,41.51,300,41.56,2300,41.59,1400,41.6,400,41.64,100,41.65,1000,HOLD
1780970627911,10:03:45,41.56,41.99,41.99,40.93,41.36,2971500.0,123280000.0,41.54,1700,41.53,100,41.52,600,41.51,300,41.5,7000,41.56,2000,41.59,1400,41.6,400,41.64,100,41.65,1000,HOLD
1780970630913,10:03:48,41.54,41.99,41.99,40.93,41.36,2971800.0,123290000.0,41.54,1400,41.53,100,41.52,600,41.51,400,41.5,7000,41.56,100,41.59,1400,41.64,100,41.65,1000,41.66,500,HOLD
1780970633917,10:03:51,41.56,41.99,41.99,40.93,41.36,2972300.0,123310000.0,41.56,400,41.55,100,41.54,1100,41.53,100,41.52,600,41.58,300,41.59,1400,41.64,100,41.65,1000,41.66,500,HOLD
1780970636936,10:03:54,41.55,41.99,41.99,40.93,41.36,2972800.0,123330000.0,41.54,1100,41.53,100,41.52,600,41.51,400,41.5,7100,41.56,800,41.58,300,41.59,1400,41.64,100,41.65,1000,HOLD
1780970639947,10:03:57,41.56,41.99,41.99,40.93,41.36,2973100.0,123340000.0,41.54,900,41.53,100,41.52,600,41.51,400,41.5,7100,41.56,1100,41.58,300,41.59,1400,41.64,100,41.65,1000,HOLD
1780970642961,10:04:00,41.54,41.99,41.99,40.93,41.36,2974200.0,123390000.0,41.53,100,41.52,600,41.51,400,41.5,7100,41.49,100,41.54,1500,41.55,300,41.56,400,41.58,300,41.59,1400,HOLD
1780970645968,10:04:03,41.53,41.99,41.99,40.93,41.36,2974600.0,123410000.0,41.52,200,41.51,400,41.5,8600,41.49,100,41.48,300,41.54,1700,41.55,300,41.58,300,41.59,1400,41.64,100,HOLD
1780970648977,10:04:06,41.54,41.99,41.99,40.93,41.36,2976300.0,123480000.0,41.53,1200,41.52,100,41.51,1300,41.5,8600,41.49,100,41.54,800,41.55,300,41.58,300,41.59,1400,41.64,100,HOLD
1780970652038,10:04:09,41.55,41.99,41.99,40.93,41.36,2977300.0,123520000.0,41.54,1400,41.53,2400,41.52,200,41.51,1300,41.5,7100,41.55,100,41.58,300,41.59,1100,41.64,100,41.65,1000,HOLD
1780970654998,10:04:12,41.55,41.99,41.99,40.93,41.36,2977800.0,123540000.0,41.55,500,41.54,1400,41.53,2400,41.52,200,41.51,1300,41.58,1200,41.59,1100,41.64,100,41.65,1000,41.66,500,HOLD
1780970658005,10:04:15,41.55,41.99,41.99,40.93,41.36,2978400.0,123560000.0,41.54,1000,41.53,2400,41.52,200,41.51,1300,41.5,10300,41.55,900,41.58,1200,41.59,1100,41.64,100,41.65,1000,HOLD
1780970664019,10:04:21,41.55,41.99,41.99,40.93,41.36,2986500.0,123900000.0,41.55,3700,41.53,100,41.52,200,41.51,1200,41.5,10300,41.56,900,41.57,1000,41.58,1200,41.59,1100,41.64,100,HOLD
1780970667028,10:04:24,41.55,41.99,41.99,40.93,41.36,2990300.0,124060000.0,41.53,100,41.52,200,41.51,1200,41.5,6600,41.49,100,41.55,2600,41.56,800,41.57,1000,41.58,1200,41.59,1100,HOLD
1780970670043,10:04:27,41.55,41.99,41.99,40.93,41.36,2995600.0,124280000.0,41.52,200,41.51,1200,41.5,6600,41.49,100,41.48,300,41.55,4600,41.56,800,41.57,1000,41.58,1200,41.59,1100,HOLD
1780970676061,10:04:33,41.55,41.99,41.99,40.93,41.36,2996500.0,124320000.0,41.51,1200,41.5,6600,41.49,100,41.48,300,41.47,10100,41.55,3000,41.56,800,41.57,1000,41.58,1200,41.59,1100,HOLD
1780970679075,10:04:36,41.5,41.99,41.99,40.93,41.36,3000100.0,124460000.0,41.5,4200,41.49,100,41.48,300,41.47,10100,41.46,500,41.51,1700,41.55,3000,41.56,800,41.57,1000,41.58,1200,HOLD
1780970682098,10:04:39,41.5,41.99,41.99,40.93,41.36,3000400.0,124480000.0,41.5,3900,41.49,100,41.48,300,41.47,10100,41.46,500,41.51,2100,41.52,11600,41.55,3000,41.56,800,41.57,1000,HOLD
1780970685097,10:04:42,41.48,41.99,41.99,40.93,41.36,3004700.0,124660000.0,41.47,10100,41.45,1300,41.4,12100,41.39,300,41.38,500,41.48,900,41.49,1900,41.5,700,41.51,2100,41.52,11600,HOLD
1780970688108,10:04:45,41.47,41.99,41.99,40.93,41.36,3005200.0,124680000.0,41.47,10000,41.45,1300,41.4,12100,41.39,300,41.38,500,41.48,700,41.49,1900,41.5,600,41.51,2100,41.52,11600,HOLD
1780970691113,10:04:48,41.48,41.99,41.99,40.93,41.36,3005400.0,124680000.0,41.47,10000,41.45,1300,41.4,12100,41.39,300,41.38,500,41.48,600,41.5,600,41.51,2100,41.52,11600,41.55,3000,HOLD
1780970694123,10:04:51,41.48,41.99,41.99,40.93,41.36,3006100.0,124710000.0,41.47,10000,41.45,2200,41.4,12100,41.39,400,41.38,500,41.5,1400,41.51,2100,41.52,11600,41.55,3000,41.56,800,HOLD
1780970697138,10:04:54,41.48,41.99,41.99,40.93,41.36,3006100.0,124710000.0,41.48,1300,41.47,10000,41.45,700,41.4,12100,41.39,400,41.5,1400,41.51,2100,41.52,11600,41.55,3000,41.56,800,HOLD
1780970700153,10:04:57,41.5,41.99,41.99,40.93,41.36,3007400.0,124770000.0,41.48,1100,41.47,10500,41.45,700,41.4,12100,41.39,400,41.5,500,41.51,2100,41.52,11600,41.55,3000,41.56,800,HOLD
1780970703167,10:05:00,41.48,41.99,41.99,40.93,41.36,3008600.0,124820000.0,41.47,10500,41.45,700,41.4,12100,41.39,400,41.38,500,41.48,1300,41.5,2000,41.51,2100,41.52,11600,41.55,3000,HOLD
1780970706171,10:05:03,41.4,41.99,41.99,40.93,41.36,3020900.0,125330000.0,41.4,12000,41.39,400,41.35,1300,41.34,200,41.33,200,41.45,3700,41.46,1700,41.48,1400,41.5,2000,41.51,2100,HOLD
1780970709175,10:05:06,41.4,41.99,41.99,40.93,41.36,3022000.0,125370000.0,41.4,11400,41.39,400,41.35,1300,41.34,200,41.33,200,41.45,3500,41.46,1700,41.48,100,41.5,2000,41.51,2100,HOLD
1780970712185,10:05:09,41.45,41.99,41.99,40.93,41.36,3022500.0,125390000.0,41.41,100,41.4,11400,41.39,400,41.35,1100,41.34,200,41.45,3100,41.46,1700,41.48,100,41.5,2000,41.51,400,HOLD
1780970715191,10:05:12,41.41,41.99,41.99,40.93,41.36,3022600.0,125400000.0,41.41,100,41.4,11400,41.39,400,41.35,1100,41.34,200,41.44,300,41.45,3600,41.48,100,41.5,2000,41.51,400,HOLD
1780970718194,10:05:15,41.41,41.99,41.99,40.93,41.36,3023000.0,125410000.0,41.4,13500,41.39,400,41.35,1100,41.34,200,41.33,200,41.43,500,41.44,300,41.45,3400,41.48,100,41.5,2000,HOLD
1780970721200,10:05:18,41.4,41.99,41.99,40.93,41.36,3025700.0,125530000.0,41.4,11500,41.39,400,41.38,1800,41.35,1700,41.34,200,41.41,100,41.42,100,41.43,300,41.44,300,41.45,3400,HOLD
1780970724216,10:05:21,41.4,41.99,41.99,40.93,41.36,3025700.0,125530000.0,41.4,11700,41.39,400,41.38,2300,41.35,1100,41.34,200,41.41,200,41.42,100,41.43,300,41.44,300,41.45,3400,HOLD
1780970727219,10:05:24,41.42,41.99,41.99,40.93,41.36,3034300.0,125880000.0,41.4,4000,41.39,400,41.38,2300,41.35,1100,41.34,200,41.42,100,41.43,300,41.44,300,41.45,3400,41.5,2300,HOLD
