local_time_ms,server_time,price,open,high,low,prev_close,cum_volume,cum_amount,bp1,bv1,bp2,bv2,bp3,bv3,bp4,bv4,bp5,bv5,sp1,sv1,sp2,sv2,sp3,sv3,sp4,sv4,sp5,sv5,signal
1780622931239,09:28:45,45.48,45.48,45.48,45.48,45.81,51300.0,2330000.0,45.45,100,45.3,500,45.28,100,45.26,3500,45.22,500,45.48,11800,45.5,2600,45.52,100,45.64,100,45.67,200,HOLD
1780622988365,09:29:45,45.48,45.48,45.48,45.48,45.81,51300.0,2330000.0,45.45,100,45.3,500,45.28,100,45.26,3500,45.22,500,45.48,11800,45.5,2600,45.52,100,45.64,100,45.67,200,HOLD
1780623003423,09:30:00,45.62,45.48,45.67,45.29,45.81,84600.0,3850000.0,45.62,1000,45.51,34600,45.5,400,45.49,500,45.48,13500,45.68,2000,45.8,400,45.81,600,45.86,100,45.87,400,HOLD
1780623009439,09:30:06,45.88,45.48,45.9,45.29,45.81,133900.0,6110000.0,45.88,900,45.86,6400,45.84,900,45.83,5300,45.82,200,45.9,8600,45.93,500,45.98,700,45.99,400,46.0,1400,HOLD
1780623012440,09:30:09,45.9,45.48,46.02,45.29,45.81,174800.0,7980000.0,45.94,800,45.9,1400,45.89,200,45.87,2700,45.84,100,46.02,900,46.05,200,46.1,1200,46.13,300,46.15,200,HOLD
1780623015445,09:30:12,45.9,45.48,46.02,45.29,45.81,187700.0,8580000.0,45.86,700,45.85,100,45.84,100,45.83,1000,45.82,300,45.9,5700,45.94,10700,45.99,400,46.0,300,46.01,500,HOLD
1780623018466,09:30:15,45.81,45.48,46.02,45.29,45.81,208100.0,9510000.0,45.81,7300,45.79,1000,45.77,100,45.76,5400,45.75,1600,45.83,2700,45.85,7700,45.86,14600,45.87,1300,45.88,3500,HOLD
1780623021477,09:30:18,45.79,45.48,46.02,45.29,45.81,228700.0,10450000.0,45.75,100,45.74,200,45.73,300,45.72,300,45.7,900,45.78,100,45.79,3700,45.8,4500,45.81,53500,45.82,20500,HOLD
1780623024488,09:30:21,45.67,45.48,46.02,45.29,45.81,235300.0,10760000.0,45.65,800,45.63,1400,45.57,200,45.54,600,45.52,100,45.67,400,45.7,100,45.71,900,45.73,100,45.74,1000,HOLD
1780623027492,09:30:24,45.53,45.48,46.02,45.29,45.81,240700.0,11000000.0,45.53,500,45.52,100,45.51,28600,45.5,500,45.49,600,45.59,1700,45.63,1500,45.65,20000,45.66,400,45.7,200,HOLD
1780623030494,09:30:27,45.52,45.48,46.02,45.29,45.81,247700.0,11320000.0,45.51,25800,45.5,500,45.49,600,45.48,29800,45.47,200,45.52,4300,45.53,1800,45.55,300,45.56,700,45.57,3600,HOLD
1780623033503,09:30:30,45.48,45.48,46.02,45.29,45.81,292900.0,13380000.0,45.48,21200,45.47,200,45.46,800,45.45,5800,45.4,1500,45.5,7800,45.51,7700,45.52,800,45.53,2500,45.55,300,HOLD
1780623039536,09:30:36,45.45,45.48,46.02,45.29,45.81,330100.0,15070000.0,45.38,1100,45.35,100,45.31,300,45.3,3500,45.29,200,45.45,20300,45.46,18600,45.47,6700,45.48,11600,45.49,13500,HOLD
1780623042560,09:30:39,45.38,45.48,46.02,45.29,45.81,334800.0,15280000.0,45.3,3500,45.29,200,45.28,1800,45.26,300,45.25,100,45.35,600,45.37,7100,45.38,1200,45.4,3900,45.42,700,HOLD
1780623045566,09:30:42,45.29,45.48,46.02,45.29,45.81,344400.0,15720000.0,45.28,1800,45.26,300,45.25,200,45.22,600,45.2,2700,45.32,600,45.33,3800,45.35,200,45.37,13400,45.38,2700,HOLD
1780623048579,09:30:45,45.3,45.48,46.02,45.2,45.81,352200.0,16070000.0,45.2,1500,45.18,300,45.17,100,45.16,200,45.12,100,45.25,400,45.28,1000,45.29,100,45.3,1900,45.31,1500,HOLD
1780623051587,09:30:48,45.2,45.48,46.02,45.2,45.81,357200.0,16300000.0,45.18,300,45.17,100,45.16,200,45.12,100,45.1,100,45.2,3700,45.28,2300,45.29,400,45.3,4200,45.31,1500,HOLD
1780623054588,09:30:51,45.18,45.48,46.02,45.16,45.81,384600.0,17530000.0,45.16,100,45.12,100,45.11,200,45.1,100,45.09,700,45.18,39800,45.2,300,45.28,200,45.29,400,45.3,3600,HOLD
1780623057601,09:30:54,45.1,45.48,46.02,45.1,45.81,398800.0,18180000.0,45.09,700,45.05,2000,45.02,700,45.01,2300,45.0,17300,45.1,300,45.16,2100,45.17,800,45.18,26900,45.2,200,HOLD
1780623060620,09:30:57,45.18,45.48,46.02,45.1,45.81,435500.0,19830000.0,45.18,900,45.1,6800,45.09,700,45.05,2000,45.02,700,45.2,300,45.27,2700,45.28,3100,45.29,400,45.3,2300,HOLD
1780623063632,09:31:00,45.25,45.48,46.02,45.1,45.81,461300.0,21000000.0,45.25,1100,45.2,2400,45.11,400,45.1,5400,45.09,700,45.27,400,45.29,400,45.3,2100,45.31,1300,45.32,500,HOLD
1780623066644,09:31:03,45.25,45.48,46.02,45.1,45.81,477000.0,21710000.0,45.25,800,45.2,2400,45.18,2100,45.11,300,45.1,3400,45.27,3700,45.28,300,45.3,2100,45.31,1300,45.32,400,HOLD
1780623069656,09:31:06,45.25,45.48,46.02,45.05,45.81,496000.0,22570000.0,45.18,2600,45.15,100,45.11,500,45.05,1900,45.02,700,45.25,3400,45.26,500,45.27,100,45.29,600,45.3,2100,HOLD
1780623072665,09:31:09,45.23,45.48,46.02,45.05,45.81,502500.0,22860000.0,45.18,1000,45.15,100,45.11,500,45.05,1900,45.02,700,45.23,100,45.24,700,45.25,1100,45.26,500,45.27,100,HOLD
1780623075674,09:31:12,45.23,45.48,46.02,45.05,45.81,505700.0,23010000.0,45.23,300,45.18,1100,45.15,800,45.11,600,45.05,1900,45.25,1100,45.27,100,45.3,2800,45.31,1300,45.32,400,HOLD
1780623081681,09:31:15,45.25,45.48,46.02,45.05,45.81,509800.0,23190000.0,45.2,400,45.18,1700,45.15,800,45.14,200,45.12,200,45.27,100,45.3,2800,45.32,400,45.33,2300,45.4,300,HOLD
1780623084694,09:31:21,45.45,45.48,46.02,45.05,45.81,525600.0,23910000.0,45.45,4400,45.4,59200,45.27,300,45.26,2400,45.25,500,45.49,600,45.52,200,45.53,200,45.59,4600,45.65,400,HOLD
1780623087698,09:31:24,45.41,45.48,46.02,45.05,45.81,556200.0,25300000.0,45.33,200,45.32,200,45.3,100,45.27,400,45.26,2400,45.41,300,45.45,2300,45.49,700,45.52,1100,45.53,100,HOLD
1780623090700,09:31:27,45.41,45.48,46.02,45.05,45.81,561900.0,25560000.0,45.41,2700,45.4,200,45.34,600,45.33,300,45.3,100,45.49,200,45.5,1300,45.51,400,45.52,900,45.53,100,HOLD
1780623093708,09:31:30,45.49,45.48,46.02,45.05,45.81,570300.0,25940000.0,45.49,700,45.41,3200,45.3,100,45.27,100,45.26,1900,45.56,300,45.57,3300,45.59,3700,45.65,200,45.66,400,HOLD
1780623096715,09:31:33,45.56,45.48,46.02,45.05,45.81,578500.0,26320000.0,45.52,1800,45.46,1500,45.42,3100,45.41,9300,45.31,400,45.59,3700,45.65,200,45.66,400,45.77,200,45.78,1000,HOLD
1780623099716,09:31:36,45.53,45.48,46.02,45.05,45.81,587200.0,26710000.0,45.53,700,45.52,2200,45.49,200,45.46,1500,45.42,3100,45.58,200,45.59,300,45.65,200,45.66,400,45.75,1100,HOLD
1780623102720,09:31:39,45.78,45.48,46.02,45.05,45.81,593100.0,26980000.0,45.58,300,45.53,1200,45.52,2100,45.49,1300,45.46,1500,45.74,800,45.77,5100,45.78,2200,45.8,1200,45.81,3200,HOLD
1780623105734,09:31:42,45.74,45.48,46.02,45.05,45.81,594900.0,27070000.0,45.58,1700,45.56,800,45.55,100,45.53,500,45.52,300,45.74,2000,45.77,200,45.78,2200,45.8,1200,45.81,3200,HOLD
1780623108739,09:31:45,45.74,45.48,46.02,45.05,45.81,607500.0,27640000.0,45.61,1800,45.59,8000,45.58,1400,45.56,800,45.55,100,45.74,600,45.76,100,45.77,200,45.78,2200,45.8,1200,HOLD
1780623111753,09:31:48,45.62,45.48,46.02,45.05,45.81,610100.0,27760000.0,45.7,400,45.63,400,45.62,2100,45.61,2600,45.59,8000,45.74,5100,45.77,200,45.78,2200,45.8,1200,45.81,3200,HOLD
1780623114769,09:31:51,45.91,45.48,46.02,45.05,45.81,632200.0,28770000.0,45.92,4400,45.91,12500,45.87,2200,45.86,3300,45.82,3000,45.98,1000,46.0,600,46.01,100,46.02,900,46.05,200,HOLD
1780623117771,09:31:54,46.04,45.48,46.04,45.05,45.81,637400.0,29010000.0,45.98,4200,45.92,4500,45.91,2000,45.87,2000,45.86,1100,46.05,200,46.1,1200,46.13,300,46.15,200,46.19,300,HOLD
1780623120775,09:31:57,46.05,45.48,46.1,45.05,45.81,640000.0,29130000.0,46.05,1100,45.98,8200,45.94,100,45.92,4500,45.91,2000,46.1,200,46.13,300,46.15,200,46.19,300,46.2,12300,HOLD
1780623123796,09:32:00,46.1,45.48,46.1,45.05,45.81,641200.0,29190000.0,46.1,1900,46.08,100,46.05,1300,46.04,700,45.98,5400,46.13,300,46.15,200,46.19,300,46.2,800,46.21,100,HOLD
1780623126805,09:32:03,46.15,45.48,46.15,45.05,45.81,665100.0,30290000.0,46.16,1300,46.15,900,46.05,100,46.0,800,45.98,3300,46.18,100,46.19,300,46.2,800,46.21,100,46.25,200,HOLD
1780623129811,09:32:06,46.15,45.48,46.19,45.05,45.81,679100.0,30930000.0,46.14,1300,46.13,600,46.1,1100,46.05,100,46.0,900,46.15,100,46.16,1000,46.17,1100,46.18,4000,46.19,200,HOLD
1780623132824,09:32:09,46.14,45.48,46.19,45.05,45.81,703500.0,32060000.0,46.14,2800,46.12,4000,46.11,2100,46.1,2200,46.09,1300,46.15,100,46.16,2000,46.17,100,46.18,4000,46.19,200,HOLD
1780623135836,09:32:12,46.35,45.48,46.41,45.05,45.81,724600.0,33040000.0,46.35,5100,46.34,3100,46.33,7000,46.32,6300,46.31,8200,46.44,900,46.45,400,46.47,600,46.5,12400,46.51,500,HOLD
1780623138842,09:32:15,46.48,45.48,46.5,45.05,45.81,736000.0,33570000.0,46.42,4600,46.41,1500,46.4,5200,46.38,5400,46.37,4200,46.48,300,46.49,600,46.5,2800,46.51,500,46.55,200,HOLD
1780623141857,09:32:18,46.28,45.48,46.5,45.05,45.81,905800.0,41430000.0,46.22,1000,46.18,3400,46.17,300,46.16,5200,46.15,4400,46.35,200,46.37,5600,46.44,500,46.47,2500,46.48,500,HOLD
1780623144865,09:32:21,46.3,45.48,46.5,45.05,45.81,912800.0,41750000.0,46.17,200,46.16,3300,46.15,3400,46.14,2300,46.13,200,46.3,700,46.34,1800,46.35,1500,46.37,5600,46.42,100,HOLD
1780623147880,09:32:24,46.25,45.48,46.5,45.05,45.81,950300.0,43490000.0,46.25,100,46.24,700,46.23,1100,46.22,5500,46.21,200,46.3,4500,46.42,800,46.44,500,46.47,100,46.48,1800,HOLD
1780623150896,09:32:27,46.3,45.48,46.5,45.05,45.81,963700.0,44110000.0,46.2,100,46.19,1300,46.18,1300,46.17,200,46.16,3300,46.3,800,46.42,600,46.44,500,46.46,700,46.47,100,HOLD
1780623153900,09:32:30,46.3,45.48,46.5,45.05,45.81,971100.0,44450000.0,46.26,1600,46.25,1400,46.2,800,46.18,2200,46.17,200,46.3,2000,46.4,100,46.42,600,46.44,500,46.45,100,HOLD
1780623156906,09:32:33,46.29,45.48,46.5,45.05,45.81,983900.0,45050000.0,46.29,200,46.28,1800,46.26,1100,46.25,1600,46.2,100,46.42,400,46.44,500,46.45,100,46.46,800,46.47,400,HOLD
1780623159915,09:32:36,46.3,45.48,46.5,45.05,45.81,989000.0,45280000.0,46.31,100,46.3,1900,46.29,200,46.28,1800,46.26,1100,46.4,200,46.44,400,46.45,100,46.46,800,46.47,400,HOLD
1780623162921,09:32:39,46.51,45.48,46.6,45.05,45.81,1017400.0,46600000.0,46.51,3000,46.5,4500,46.42,1700,46.37,1200,46.35,100,46.65,600,46.68,700,46.7,5300,46.75,200,46.77,100,HOLD
1780623165928,09:32:42,46.51,45.48,46.65,45.05,45.81,1022300.0,46830000.0,46.49,600,46.43,800,46.42,2000,46.4,2200,46.37,1300,46.51,100,46.56,2000,46.64,100,46.65,100,46.68,700,HOLD
1780623168930,09:32:45,46.65,45.48,46.65,45.05,45.81,1025700.0,46990000.0,46.58,200,46.51,4400,46.49,200,46.44,900,46.43,800,46.65,1300,46.68,700,46.7,5300,46.75,200,46.77,100,HOLD
1780623171943,09:32:48,46.65,45.48,46.65,45.05,45.81,1057100.0,48450000.0,46.52,1900,46.51,1200,46.46,300,46.45,300,46.44,900,46.65,2100,46.68,700,46.7,5300,46.75,300,46.77,100,HOLD
1780623174950,09:32:51,46.65,45.48,46.65,45.05,45.81,1065300.0,48830000.0,46.53,200,46.52,1700,46.51,2000,46.5,200,46.49,2100,46.68,700,46.7,5300,46.75,300,46.77,100,46.78,1200,HOLD
1780623177952,09:32:54,46.65,45.48,46.79,45.05,45.81,1085100.0,49760000.0,46.65,1500,46.53,300,46.52,1700,46.51,1800,46.5,200,46.78,600,46.79,8600,46.8,900,46.85,300,46.86,700,HOLD
1780623180971,09:32:57,46.58,45.48,46.79,45.05,45.81,1092700.0,50110000.0,46.55,400,46.54,400,46.53,700,46.52,1700,46.51,1800,46.58,200,46.64,2400,46.65,500,46.68,600,46.7,200,HOLD
1780623183981,09:33:00,46.6,45.48,46.79,45.05,45.81,1098300.0,50370000.0,46.6,6400,46.59,3900,46.58,8100,46.55,2000,46.53,200,46.64,200,46.65,4400,46.68,700,46.7,1200,46.77,200,HOLD
1780623186991,09:33:03,46.6,45.48,46.79,45.05,45.81,1137900.0,52220000.0,46.61,1800,46.6,1000,46.59,4900,46.58,10100,46.55,2000,46.64,200,46.68,400,46.69,400,46.7,1600,46.77,200,HOLD
1780623190002,09:33:06,46.63,45.48,46.8,45.05,45.81,1169900.0,53710000.0,46.6,11400,46.59,4900,46.58,7900,46.55,2100,46.53,200,46.7,1200,46.78,300,46.85,300,46.86,700,46.87,1700,HOLD
1780623193013,09:33:09,46.68,45.48,46.8,45.05,45.81,1188900.0,54600000.0,46.68,1600,46.67,2100,46.66,300,46.64,200,46.63,400,46.7,200,46.78,300,46.84,100,46.85,300,46.86,1000,HOLD
1780623196027,09:33:12,46.76,45.48,46.84,45.05,45.81,1194400.0,54860000.0,46.76,21800,46.7,15500,46.68,1300,46.67,2100,46.66,300,46.85,400,46.86,1000,46.87,2200,46.88,1200,46.9,1000,HOLD
1780623199041,09:33:15,46.98,45.48,46.98,45.05,45.81,1208300.0,55510000.0,46.9,3100,46.88,900,46.87,1700,46.86,4100,46.78,800,46.99,1900,47.0,11200,47.07,200,47.08,200,47.1,1400,HOLD
1780623202044,09:33:18,47.19,45.48,47.19,45.05,45.81,1228600.0,56460000.0,47.1,700,47.06,100,47.05,100,47.03,2600,47.0,4300,47.19,500,47.2,9600,47.25,1800,47.28,600,47.3,400,HOLD
1780623205051,09:33:21,47.18,45.48,47.2,45.05,45.81,1237800.0,56900000.0,47.11,100,47.1,1200,47.05,100,47.03,900,47.0,3400,47.19,200,47.2,9400,47.25,1800,47.28,600,47.3,400,HOLD
1780623208052,09:33:24,47.17,45.48,47.2,45.05,45.81,1245100.0,57240000.0,47.03,500,47.0,3500,46.99,1100,46.95,7400,46.93,3500,47.17,2600,47.18,1800,47.19,5200,47.2,9700,47.25,1800,HOLD
1780623211058,09:33:27,47.0,45.48,47.2,45.05,45.81,1256500.0,57780000.0,46.95,6300,46.91,100,46.9,400,46.88,1200,46.85,1200,47.0,15200,47.03,4100,47.04,100,47.08,200,47.11,500,HOLD
1780623214063,09:33:30,46.92,45.48,47.2,45.05,45.81,1267700.0,58300000.0,46.77,3100,46.76,1300,46.7,12100,46.68,100,46.67,2100,46.9,1000,46.91,3000,46.92,300,46.93,100,46.95,12900,HOLD
1780623217066,09:33:33,46.89,45.48,47.2,45.05,45.81,1276500.0,58710000.0,46.7,11900,46.66,2000,46.63,200,46.6,1300,46.58,700,46.88,100,46.89,700,46.9,1500,46.91,2000,46.95,16000,HOLD
1780623220086,09:33:36,46.7,45.48,47.2,45.05,45.81,1291500.0,59420000.0,46.66,2000,46.63,200,46.6,1300,46.58,700,46.57,100,46.76,100,46.77,4900,46.87,900,46.88,9600,46.9,2000,HOLD
1780623223125,09:33:39,46.88,45.48,47.2,45.05,45.81,1415000.0,65210000.0,46.88,2800,46.74,2900,46.73,2100,46.67,2600,46.66,2000,46.89,1900,46.9,40100,46.91,2200,46.93,100,46.95,15100,HOLD
1780623226113,09:33:42,46.85,45.48,47.2,45.05,45.81,1431200.0,65960000.0,46.76,200,46.74,9400,46.73,2100,46.67,2600,46.66,2000,46.84,100,46.85,500,46.86,100,46.87,100,46.88,21000,HOLD
1780623229148,09:33:45,46.73,45.48,47.2,45.05,45.81,1447800.0,66740000.0,46.67,2000,46.66,2000,46.6,3300,46.58,700,46.57,100,46.73,700,46.74,200,46.75,100,46.76,2000,46.83,3300,HOLD
1780623232136,09:33:48,46.66,45.48,47.2,45.05,45.81,1457300.0,67180000.0,46.66,600,46.6,3400,46.58,700,46.57,100,46.55,2000,46.67,2900,46.68,100,46.72,100,46.73,900,46.74,1400,HOLD
1780623235142,09:33:51,46.59,45.48,47.2,45.05,45.81,1468800.0,67720000.0,46.51,1000,46.5,2000,46.44,2100,46.42,800,46.4,100,46.59,200,46.6,4100,46.61,100,46.64,700,46.65,500,HOLD
1780623238148,09:33:54,46.5,45.48,47.2,45.05,45.81,1471200.0,67830000.0,46.5,1500,46.44,2100,46.42,800,46.4,100,46.3,3000,46.51,300,46.58,100,46.59,200,46.6,5100,46.61,100,HOLD
1780623241157,09:33:57,46.48,45.48,47.2,45.05,45.81,1477600.0,68130000.0,46.46,100,46.45,400,46.44,2100,46.42,800,46.4,100,46.48,400,46.5,400,46.51,600,46.58,100,46.59,100,HOLD
1780623244178,09:34:00,46.51,45.48,47.2,45.05,45.81,1488100.0,68620000.0,46.47,100,46.46,100,46.45,300,46.44,2100,46.42,800,46.51,11900,46.58,100,46.59,100,46.6,5000,46.61,300,HOLD
1780623247182,09:34:03,46.4,45.48,47.2,45.05,45.81,1498400.0,69090000.0,46.37,100,46.36,700,46.31,200,46.3,3000,46.29,100,46.4,8700,46.45,200,46.46,500,46.5,500,46.51,10200,HOLD
1780623250186,09:34:06,46.4,45.48,47.2,45.05,45.81,1502300.0,69280000.0,46.39,100,46.38,4900,46.37,700,46.36,700,46.3,3000,46.4,4900,46.44,1000,46.45,200,46.46,1000,46.47,600,HOLD
1780623253200,09:34:09,46.38,45.48,47.2,45.05,45.81,1512300.0,69740000.0,46.38,2900,46.37,3800,46.36,700,46.3,3000,46.29,100,46.39,700,46.42,400,46.43,200,46.44,1000,46.45,200,HOLD
1780623256212,09:34:15,46.38,45.48,47.2,45.05,45.81,1523900.0,70280000.0,46.31,100,46.3,3000,46.29,100,46.28,1800,46.25,2600,46.38,1900,46.39,400,46.4,10000,46.42,700,46.43,200,HOLD
1780623262224,09:34:18,46.37,45.48,47.2,45.05,45.81,1526500.0,70400000.0,46.33,400,46.31,100,46.3,2600,46.29,100,46.28,1800,46.38,2600,46.39,400,46.4,10000,46.42,700,46.43,200,HOLD
1780623265230,09:34:21,46.31,45.48,47.2,45.05,45.81,1553300.0,71640000.0,46.31,13600,46.3,2200,46.29,100,46.28,1800,46.25,2600,46.44,900,46.45,200,46.46,700,46.47,10700,46.49,700,HOLD
1780623268233,09:34:24,46.46,45.48,47.2,45.05,45.81,1558800.0,71900000.0,46.46,2700,46.45,1700,46.44,4500,46.41,300,46.4,2300,46.47,9100,46.49,100,46.5,700,46.51,9900,46.58,100,HOLD
1780623271238,09:34:27,46.51,45.48,47.2,45.05,45.81,1579400.0,72850000.0,46.51,500,46.5,100,46.47,29600,46.46,2600,46.45,1700,46.58,100,46.59,100,46.6,1100,46.61,200,46.64,200,HOLD
1780623274244,09:34:30,46.58,45.48,47.2,45.05,45.81,1582200.0,72980000.0,46.58,2700,46.51,500,46.5,100,46.47,30100,46.46,2700,46.6,1100,46.61,200,46.64,200,46.66,1100,46.67,3100,HOLD
1780623277252,09:34:33,46.61,45.48,47.2,45.05,45.81,1585700.0,73150000.0,46.61,1300,46.6,3700,46.58,2400,46.51,800,46.47,30100,46.66,600,46.67,3100,46.73,300,46.76,600,46.77,800,HOLD
1780623280255,09:34:36,46.67,45.48,47.2,45.05,45.81,1588400.0,73270000.0,46.66,1100,46.64,1000,46.62,2000,46.61,500,46.6,10000,46.67,2900,46.73,300,46.76,600,46.77,800,46.8,7700,HOLD
1780623283272,09:34:39,46.66,45.48,47.2,45.05,45.81,1592500.0,73460000.0,46.67,300,46.66,3000,46.65,200,46.64,1000,46.62,2000,46.73,300,46.76,600,46.77,800,46.8,7700,46.85,1800,HOLD
1780623286271,09:34:42,46.67,45.48,47.2,45.05,45.81,1593700.0,73520000.0,46.67,200,46.66,2400,46.65,200,46.61,1100,46.6,13700,46.73,3500,46.75,2800,46.76,1500,46.77,1300,46.8,7700,HOLD
1780623289286,09:34:45,46.67,45.48,47.2,45.05,45.81,1598800.0,73760000.0,46.67,2700,46.66,500,46.65,600,46.61,1100,46.6,12700,46.69,200,46.72,100,46.73,5100,46.75,3000,46.76,1500,HOLD
1780623292291,09:34:48,46.67,45.48,47.2,45.05,45.81,1604200.0,74010000.0,46.66,1400,46.65,600,46.61,1100,46.6,15000,46.58,1000,46.67,200,46.69,200,46.73,2700,46.75,3000,46.76,1500,HOLD
1780623295301,09:34:51,46.65,45.48,47.2,45.05,45.81,1606900.0,74140000.0,46.61,1000,46.6,7100,46.58,1000,46.51,500,46.48,100,46.65,700,46.66,500,46.67,9500,46.69,300,46.73,2600,HOLD
1780623298301,09:34:54,46.61,45.48,47.2,45.05,45.81,1611900.0,74370000.0,46.61,300,46.6,7300,46.58,1000,46.51,500,46.48,100,46.65,200,46.66,3800,46.67,8000,46.69,300,46.7,100,HOLD
1780623301309,09:34:57,46.65,45.48,47.2,45.05,45.81,1613800.0,74460000.0,46.62,300,46.61,3600,46.6,7200,46.58,1000,46.51,500,46.65,800,46.66,4100,46.67,7900,46.69,5300,46.7,100,HOLD
1780623304326,09:35:00,46.75,45.48,47.2,45.05,45.81,1640500.0,75710000.0,46.71,8100,46.7,1500,46.69,3300,46.68,8600,46.67,9900,46.75,200,46.76,2000,46.77,1300,46.8,9100,46.85,1500,HOLD
1780623307333,09:35:03,46.75,45.48,47.2,45.05,45.81,1679400.0,77520000.0,46.68,2700,46.67,9500,46.66,300,46.65,3200,46.63,5900,46.75,400,46.77,1000,46.8,9100,46.85,1500,46.86,100,HOLD
1780623310349,09:35:06,46.68,45.48,47.2,45.05,45.81,1682500.0,77670000.0,46.68,300,46.67,7500,46.65,3700,46.63,6900,46.62,400,46.69,100,46.7,500,46.72,1000,46.73,400,46.74,700,HOLD
1780623313351,09:35:09,46.65,45.48,47.2,45.05,45.81,1701000.0,78530000.0,46.63,6900,46.62,400,46.61,2400,46.6,7800,46.58,1000,46.67,1600,46.68,4100,46.69,300,46.74,200,46.75,10300,HOLD
1780623316353,09:35:12,46.63,45.48,47.2,45.05,45.81,1703400.0,78640000.0,46.63,6800,46.62,400,46.61,2400,46.6,8100,46.58,1000,46.68,4200,46.69,300,46.74,100,46.75,10400,46.77,500,HOLD
1780623319354,09:35:15,46.69,45.48,47.2,45.05,45.81,1707800.0,78850000.0,46.69,600,46.63,6800,46.62,400,46.61,2400,46.6,8100,46.74,100,46.75,10400,46.77,500,46.78,5100,46.8,9100,HOLD
1780623322362,09:35:18,46.69,45.48,47.2,45.05,45.81,1710100.0,78960000.0,46.69,1100,46.68,1000,46.63,6600,46.62,400,46.61,2400,46.73,100,46.74,1700,46.75,10000,46.77,600,46.78,5100,HOLD
1780623325380,09:35:21,46.74,45.48,47.2,45.05,45.81,1715000.0,79180000.0,46.74,300,46.7,2500,46.68,1200,46.67,300,46.66,100,46.75,10000,46.77,600,46.78,5100,46.8,9100,46.85,1500,HOLD
1780623328394,09:35:24,46.73,45.48,47.2,45.05,45.81,1719500.0,79390000.0,46.7,1300,46.69,200,46.68,1200,46.67,300,46.63,7100,46.73,100,46.74,700,46.75,8500,46.77,600,46.78,10100,HOLD
1780623331400,09:35:27,46.71,45.48,47.2,45.05,45.81,1724800.0,79640000.0,46.69,7000,46.68,1200,46.67,300,46.63,7400,46.62,400,46.72,100,46.73,1700,46.74,1800,46.75,8500,46.77,600,HOLD
1780623334402,09:35:30,46.73,45.48,47.2,45.05,45.81,1728100.0,79800000.0,46.71,13300,46.69,6400,46.68,1200,46.67,300,46.63,7400,46.73,400,46.74,1200,46.75,8500,46.77,600,46.78,10100,HOLD
1780623337408,09:35:33,46.68,45.48,47.2,45.05,45.81,1764900.0,81520000.0,46.68,800,46.67,300,46.63,7400,46.62,400,46.61,100,46.69,3800,46.7,300,46.72,200,46.73,1800,46.76,4600,HOLD
1780623340412,09:35:36,46.63,45.48,47.2,45.05,45.81,1774100.0,81940000.0,46.62,400,46.61,100,46.6,8800,46.5,2600,46.48,100,46.63,1900,46.65,100,46.67,1000,46.68,1500,46.69,100,HOLD
1780623343416,09:35:39,46.73,45.48,47.2,45.05,45.81,1786500.0,82520000.0,46.73,8500,46.63,200,46.6,8800,46.5,2600,46.48,100,46.75,3100,46.77,600,46.78,10100,46.8,9100,46.85,2700,HOLD
1780623346418,09:35:42,46.75,45.48,47.2,45.05,45.81,1796300.0,82980000.0,46.73,900,46.69,200,46.63,4800,46.6,9000,46.5,2600,46.75,900,46.77,600,46.78,10100,46.8,9100,46.85,2700,HOLD
1780623349427,09:35:45,46.69,45.48,47.2,45.05,45.81,1798900.0,83100000.0,46.66,10700,46.63,4800,46.62,200,46.6,9000,46.59,100,46.67,400,46.68,200,46.69,1000,46.73,700,46.75,800,HOLD
1780623352432,09:35:48,46.67,45.48,47.2,45.05,45.81,1800100.0,83160000.0,46.67,800,46.66,10700,46.63,3500,46.62,200,46.6,9000,46.68,200,46.69,1000,46.71,200,46.73,1500,46.75,1100,HOLD
1780623355446,09:35:51,46.71,45.48,47.2,45.05,45.81,1808000.0,83530000.0,46.71,1100,46.68,24000,46.67,1000,46.66,10600,46.63,3500,46.73,1500,46.75,700,46.77,600,46.78,10200,46.8,9200,HOLD
1780623358448,09:35:54,46.73,45.48,47.2,45.05,45.81,1813400.0,83780000.0,46.73,6200,46.71,1100,46.69,100,46.68,24100,46.67,1400,46.77,2300,46.78,10200,46.8,9200,46.85,2700,46.86,1300,HOLD
1780623361454,09:35:57,46.74,45.48,47.2,45.05,45.81,1815300.0,83870000.0,46.74,4600,46.73,7400,46.7,200,46.69,100,46.68,24100,46.75,200,46.77,2200,46.78,10200,46.8,9500,46.82,100,HOLD
1780623364457,09:36:03,46.77,45.48,47.2,45.05,45.81,1833300.0,84710000.0,46.77,500,46.74,11800,46.73,7400,46.7,200,46.69,100,46.8,9500,46.82,100,46.85,2700,46.86,1300,46.87,400,HOLD
1780623367469,09:36:06,46.8,45.48,47.2,45.05,45.81,1836900.0,84880000.0,46.77,4100,46.75,2700,46.74,11800,46.73,7400,46.7,200,46.8,6800,46.82,100,46.85,2700,46.86,1400,46.87,400,HOLD
1780623373482,09:36:09,46.8,45.48,47.2,45.05,45.81,1837900.0,84930000.0,46.78,2800,46.77,4800,46.75,4300,46.74,11700,46.73,7400,46.8,6300,46.82,100,46.85,2700,46.86,1400,46.87,400,HOLD
1780623376489,09:36:12,46.8,45.48,47.2,45.05,45.81,1840100.0,85030000.0,46.78,2300,46.77,4600,46.75,5300,46.74,12200,46.73,7400,46.8,4700,46.85,2700,46.86,1400,46.87,400,46.88,4100,HOLD
1780623379504,09:36:15,46.79,45.48,47.2,45.05,45.81,1842600.0,85150000.0,46.78,2000,46.77,4900,46.75,3700,46.74,12200,46.73,7400,46.8,8400,46.85,2700,46.86,1400,46.87,400,46.88,4100,HOLD
1780623382497,09:36:18,46.73,45.48,47.2,45.05,45.81,1874400.0,86630000.0,46.7,200,46.69,100,46.68,25100,46.67,500,46.66,700,46.72,300,46.73,2100,46.74,600,46.76,900,46.77,200,HOLD
1780623385500,09:36:24,46.68,45.48,47.2,45.05,45.81,1884300.0,87090000.0,46.68,19700,46.67,500,46.66,700,46.63,3500,46.62,200,46.69,900,46.7,1100,46.72,100,46.77,200,46.78,700,HOLD
1780623391509,09:36:30,46.59,45.48,47.2,45.05,45.81,1921300.0,88820000.0,46.55,500,46.54,2000,46.5,7700,46.48,800,46.44,2100,46.63,400,46.64,500,46.65,2100,46.66,1500,46.67,3100,HOLD
1780623397525,09:36:33,46.63,45.48,47.2,45.05,45.81,1922200.0,88860000.0,46.55,400,46.54,2000,46.5,7700,46.48,800,46.44,2100,46.59,200,46.6,2200,46.62,100,46.63,400,46.64,200,HOLD
1780623400531,09:36:36,46.59,45.48,47.2,45.05,45.81,1924200.0,88960000.0,46.54,2000,46.5,7700,46.48,800,46.44,2100,46.4,1000,46.55,400,46.6,400,46.62,100,46.63,900,46.64,200,HOLD
1780623403534,09:36:39,46.55,45.48,47.2,45.05,45.81,1934200.0,89420000.0,46.6,1400,46.59,4700,46.52,200,46.51,11600,46.5,5400,46.64,100,46.65,1200,46.67,2800,46.68,1800,46.69,800,HOLD
1780623406543,09:36:42,46.51,45.48,47.2,45.05,45.81,1954100.0,90350000.0,46.5,5400,46.48,800,46.44,2000,46.4,1000,46.38,100,46.54,500,46.55,300,46.6,8900,46.64,400,46.65,1500,HOLD
1780623409558,09:36:45,46.51,45.48,47.2,45.05,45.81,1960800.0,90660000.0,46.5,100,46.48,800,46.44,2200,46.43,600,46.4,1000,46.53,2500,46.54,700,46.55,1000,46.6,9200,46.64,100,HOLD
1780623412567,09:36:48,46.52,45.48,47.2,45.05,45.81,1964700.0,90840000.0,46.52,1000,46.5,4700,46.48,800,46.44,2200,46.43,600,46.53,2000,46.54,700,46.55,1000,46.6,13400,46.64,100,HOLD
1780623415579,09:36:54,46.5,45.48,47.2,45.05,45.81,1972300.0,91190000.0,46.5,1100,46.48,800,46.44,2200,46.43,600,46.4,1000,46.52,600,46.53,2200,46.54,800,46.55,1000,46.59,1100,HOLD
1780623418612,09:36:57,46.59,45.48,47.2,45.05,45.81,1992400.0,92130000.0,46.52,5700,46.5,100,46.47,7600,46.45,9900,46.44,3900,46.59,800,46.6,14200,46.65,1500,46.67,2800,46.68,1500,HOLD
1780623424682,09:37:00,46.52,45.48,47.2,45.05,45.81,1999400.0,92450000.0,46.56,500,46.52,1700,46.51,5000,46.5,200,46.47,7600,46.6,12600,46.65,1500,46.67,2800,46.68,1500,46.69,800,HOLD
1780623427621,09:37:03,46.5,45.48,47.2,45.05,45.81,2015700.0,93210000.0,46.49,200,46.47,6900,46.45,9900,46.44,1300,46.43,600,46.5,3200,46.52,500,46.56,200,46.6,12400,46.65,1500,HOLD
1780623430626,09:37:06,46.5,45.48,47.2,45.05,45.81,2019300.0,93380000.0,46.47,6900,46.45,9100,46.43,600,46.4,1000,46.38,100,46.5,100,46.52,800,46.56,100,46.59,300,46.6,12200,HOLD
1780623433643,09:37:09,46.5,45.48,47.2,45.05,45.81,2022000.0,93510000.0,46.47,6900,46.45,9100,46.43,600,46.4,1000,46.38,100,46.49,100,46.5,1300,46.52,800,46.56,100,46.59,300,HOLD
1780623436647,09:37:15,46.5,45.48,47.2,45.05,45.81,2024900.0,93640000.0,46.45,9100,46.43,600,46.4,1000,46.38,100,46.37,200,46.47,1000,46.5,2100,46.52,300,46.56,100,46.59,1100,HOLD
1780623442671,09:37:21,46.45,45.48,47.2,45.05,45.81,2027800.0,93780000.0,46.45,9000,46.43,600,46.4,1000,46.38,100,46.37,200,46.49,300,46.5,1800,46.52,300,46.56,100,46.59,1000,HOLD
1780623448691,09:37:24,46.49,45.48,47.2,45.05,45.81,2029000.0,93830000.0,46.49,9900,46.45,9600,46.43,600,46.4,1000,46.38,100,46.5,1800,46.52,300,46.56,100,46.59,12800,46.6,11800,HOLD
1780623451706,09:37:27,46.5,45.48,47.2,45.05,45.81,2037000.0,94200000.0,46.5,900,46.49,10500,46.45,9600,46.43,600,46.4,1000,46.56,200,46.59,12800,46.6,11800,46.63,300,46.65,1500,HOLD
1780623454710,09:37:30,46.49,45.48,47.2,45.05,45.81,2040100.0,94350000.0,46.49,8800,46.45,9700,46.43,600,46.4,5100,46.38,100,46.55,100,46.56,200,46.59,12800,46.6,11800,46.63,300,HOLD
1780623457717,09:37:33,46.49,45.48,47.2,45.05,45.81,2044900.0,94570000.0,46.49,6100,46.45,9700,46.43,600,46.4,5100,46.38,100,46.5,900,46.59,12900,46.6,11800,46.63,300,46.65,1500,HOLD
1780623460726,09:37:36,46.45,45.48,47.2,45.05,45.81,2053400.0,94970000.0,46.45,8100,46.43,600,46.4,5400,46.38,100,46.37,200,46.48,200,46.49,1100,46.5,2300,46.55,500,46.59,13000,HOLD
1780623463728,09:37:42,46.53,45.48,47.2,45.05,45.81,2067800.0,95640000.0,46.51,1100,46.5,1500,46.49,1400,46.48,600,46.45,8100,46.59,6700,46.6,11800,46.63,300,46.65,1500,46.67,1600,HOLD
1780623466737,09:37:45,46.59,45.48,47.2,45.05,45.81,2069100.0,95700000.0,46.5,5200,46.49,1400,46.48,600,46.45,8100,46.43,600,46.53,600,46.58,2300,46.59,6800,46.6,11800,46.63,300,HOLD
1780623472766,09:37:48,46.49,45.48,47.2,45.05,45.81,2081600.0,96280000.0,46.48,600,46.45,8100,46.43,600,46.4,4400,46.38,200,46.5,4700,46.51,100,46.52,600,46.57,800,46.58,400,HOLD
1780623475771,09:37:54,46.43,45.48,47.2,45.05,45.81,2086700.0,96510000.0,46.4,4400,46.38,200,46.37,200,46.36,100,46.31,400,46.41,2200,46.45,1200,46.46,2100,46.48,2100,46.5,17600,HOLD
1780623481792,09:37:57,46.41,45.48,47.2,45.05,45.81,2090200.0,96680000.0,46.4,3500,46.38,200,46.37,200,46.36,100,46.31,400,46.41,900,46.42,100,46.45,1100,46.46,2100,46.48,1600,HOLD
1780623484811,09:38:03,46.37,45.48,47.2,45.05,45.81,2096800.0,96980000.0,46.36,100,46.31,400,46.3,2800,46.29,100,46.28,1800,46.37,900,46.38,2300,46.39,100,46.4,7400,46.41,1000,HOLD
1780623490820,09:38:06,46.4,45.48,47.2,45.05,45.81,2117400.0,97940000.0,46.37,3200,46.35,11100,46.34,30700,46.32,2600,46.31,5300,46.4,1500,46.45,500,46.46,2100,46.48,1200,46.5,17300,HOLD
1780623493819,09:38:09,46.37,45.48,47.2,45.05,45.81,2118900.0,98010000.0,46.37,2800,46.35,11100,46.34,30700,46.32,2600,46.31,5300,46.4,1100,46.45,500,46.46,2100,46.48,1200,46.5,4800,HOLD
1780623496834,09:38:12,46.38,45.48,47.2,45.05,45.81,2120800.0,98100000.0,46.38,800,46.35,11100,46.34,30700,46.32,2600,46.31,5300,46.4,1200,46.44,100,46.45,500,46.46,2100,46.48,1200,HOLD
1780623499842,09:38:15,46.39,45.48,47.2,45.05,45.81,2124900.0,98290000.0,46.39,8900,46.38,6200,46.37,100,46.35,11100,46.34,30700,46.4,300,46.41,100,46.45,400,46.48,1200,46.5,4800,HOLD
1780623502858,09:38:18,46.45,45.48,47.2,45.05,45.81,2128500.0,98450000.0,46.47,1200,46.45,2700,46.42,15500,46.4,10400,46.39,9000,46.48,1200,46.5,2600,46.55,100,46.57,800,46.58,300,HOLD
1780623505866,09:38:21,46.48,45.48,47.2,45.05,45.81,2143400.0,99150000.0,46.48,2600,46.42,7300,46.4,10400,46.39,9000,46.38,6200,46.5,300,46.55,100,46.57,800,46.58,300,46.59,5500,HOLD
1780623508881,09:38:24,46.48,45.48,47.2,45.05,45.81,2151100.0,99500000.0,46.45,7100,46.44,600,46.43,6900,46.42,7300,46.4,7600,46.5,400,46.55,100,46.56,2800,46.57,800,46.58,300,HOLD
1780623511892,09:38:30,46.35,45.48,47.2,45.05,45.81,2206400.0,102070000.0,46.28,2700,46.26,1000,46.25,2700,46.24,400,46.2,400,46.35,200,46.36,600,46.37,2400,46.38,600,46.39,100,HOLD
1780623517909,09:38:36,46.23,45.48,47.2,45.05,45.81,2214700.0,102450000.0,46.2,400,46.15,3800,46.11,2000,46.1,800,46.05,200,46.23,1900,46.24,900,46.26,500,46.28,500,46.34,300,HOLD
1780623520913,09:38:39,46.11,45.48,47.2,45.05,45.81,2220100.0,102700000.0,46.11,1500,46.1,10800,46.05,200,46.03,400,46.02,100,46.13,900,46.14,400,46.15,900,46.16,700,46.2,600,HOLD
1780623523926,09:38:42,46.11,45.48,47.2,45.05,45.81,2221300.0,102760000.0,46.11,1000,46.1,10700,46.05,200,46.03,400,46.02,100,46.14,400,46.2,400,46.22,300,46.23,500,46.24,1800,HOLD
1780623529961,09:38:45,46.11,45.48,47.2,45.05,45.81,2260200.0,104550000.0,46.11,200,46.1,500,46.09,400,46.08,30700,46.06,200,46.14,100,46.2,900,46.22,300,46.24,1600,46.34,200,HOLD
1780623532947,09:38:48,46.14,45.48,47.2,45.05,45.81,2264300.0,104740000.0,46.14,2900,46.13,400,46.12,100,46.11,300,46.1,3300,46.22,300,46.24,1600,46.34,200,46.35,100,46.36,300,HOLD
1780623535954,09:38:51,46.22,45.48,47.2,45.05,45.81,2268000.0,104910000.0,46.15,300,46.14,3300,46.13,400,46.11,2400,46.1,3300,46.24,1200,46.34,200,46.35,100,46.36,300,46.41,100,HOLD
1780623538960,09:38:54,46.2,45.48,47.2,45.05,45.81,2273100.0,105150000.0,46.24,100,46.22,400,46.14,200,46.12,700,46.11,2400,46.34,200,46.35,100,46.36,300,46.41,100,46.42,600,HOLD
1780623541970,09:39:00,46.16,45.48,47.2,45.05,45.81,2308000.0,106760000.0,46.16,400,46.15,100,46.14,900,46.13,100,46.11,2400,46.22,9200,46.24,1800,46.26,100,46.33,300,46.34,700,HOLD
1780623547992,09:39:03,46.16,45.48,47.2,45.05,45.81,2310500.0,106870000.0,46.16,300,46.15,200,46.14,600,46.13,100,46.11,1400,46.22,7500,46.24,2000,46.26,100,46.33,300,46.34,700,HOLD
1780623550996,09:39:09,46.16,45.48,47.2,45.05,45.81,2318400.0,107240000.0,46.15,200,46.14,100,46.13,100,46.11,1100,46.1,4100,46.16,600,46.2,9200,46.22,4000,46.24,1600,46.26,100,HOLD
1780623553999,09:39:12,46.26,45.48,47.2,45.05,45.81,2334800.0,108000000.0,46.24,900,46.22,1900,46.21,2900,46.2,300,46.19,3300,46.33,200,46.34,200,46.35,100,46.36,300,46.41,100,HOLD
1780623560031,09:39:15,46.29,45.48,47.2,45.05,45.81,2340100.0,108240000.0,46.26,1600,46.25,200,46.22,1900,46.2,300,46.18,4000,46.29,100,46.33,600,46.35,100,46.36,300,46.41,100,HOLD
1780623563034,09:39:18,46.33,45.48,47.2,45.05,45.81,2341700.0,108310000.0,46.32,2300,46.3,1900,46.29,3500,46.25,200,46.22,2100,46.36,300,46.41,100,46.42,600,46.43,1000,46.46,100,HOLD
1780623566034,09:39:21,46.22,45.48,47.2,45.05,45.81,2354100.0,108890000.0,46.22,1900,46.2,200,46.19,100,46.18,4000,46.17,900,46.29,900,46.35,2200,46.36,1900,46.42,600,46.43,1000,HOLD
1780623569041,09:39:27,46.29,45.48,47.2,45.05,45.81,2365000.0,109390000.0,46.19,300,46.18,200,46.17,1100,46.16,1700,46.15,200,46.21,800,46.22,300,46.28,100,46.29,1700,46.31,1100,HOLD
1780623575058,09:39:30,46.19,45.48,47.2,45.05,45.81,2366200.0,109450000.0,46.18,300,46.17,1100,46.16,1300,46.15,200,46.14,700,46.2,200,46.21,800,46.28,100,46.29,1700,46.32,9000,HOLD
1780623578066,09:39:33,46.32,45.48,47.2,45.05,45.81,2378000.0,109990000.0,46.17,800,46.16,1300,46.15,1000,46.14,700,46.13,100,46.31,600,46.32,6300,46.33,600,46.42,600,46.43,1000,HOLD
1780623581072,09:39:36,46.2,45.48,47.2,45.05,45.81,2379900.0,110080000.0,46.21,500,46.2,10100,46.17,900,46.16,1500,46.15,1200,46.25,100,46.28,1300,46.29,100,46.3,600,46.31,1600,HOLD
1780623584075,09:39:39,46.21,45.48,47.2,45.05,45.81,2381200.0,110140000.0,46.2,13100,46.18,100,46.17,900,46.16,1500,46.15,1200,46.21,100,46.23,500,46.24,400,46.25,600,46.28,1300,HOLD
1780623587075,09:39:45,46.2,45.48,47.2,45.05,45.81,2396300.0,110840000.0,46.2,10100,46.18,100,46.17,800,46.16,1500,46.15,1400,46.25,300,46.28,1300,46.29,100,46.3,600,46.31,1500,HOLD
1780623593091,09:39:48,46.25,45.48,47.2,45.05,45.81,2396400.0,110840000.0,46.21,100,46.2,13500,46.18,100,46.17,800,46.16,1500,46.25,700,46.28,1300,46.29,100,46.3,10000,46.31,600,HOLD
1780623596105,09:39:54,46.25,45.48,47.2,45.05,45.81,2423300.0,112090000.0,46.21,1600,46.2,14000,46.18,100,46.17,800,46.16,1500,46.25,900,46.26,300,46.29,1400,46.3,6700,46.31,600,HOLD
1780623602123,09:39:57,46.16,45.48,47.2,45.05,45.81,2442400.0,112970000.0,46.16,800,46.15,1200,46.14,700,46.13,100,46.11,1000,46.19,900,46.2,200,46.21,400,46.23,100,46.24,2200,HOLD
1780623605130,09:40:03,46.08,45.48,47.2,45.05,45.81,2450000.0,113320000.0,46.0,24100,45.98,300,45.96,200,45.95,200,45.9,4600,46.07,100,46.08,1000,46.09,4000,46.1,2000,46.11,1800,HOLD
1780623611157,09:40:06,46.0,45.48,47.2,45.05,45.81,2459000.0,113740000.0,46.0,15900,45.98,300,45.96,200,45.95,200,45.9,4600,46.04,200,46.05,800,46.06,3300,46.07,800,46.09,2900,HOLD
1780623614154,09:40:12,45.86,45.48,47.2,45.05,45.81,2496700.0,115470000.0,45.86,600,45.8,4800,45.77,6700,45.74,400,45.62,500,45.94,100,45.95,11400,45.96,200,45.97,500,45.98,300,HOLD
1780623620171,09:40:15,45.94,45.48,47.2,45.05,45.81,2499600.0,115600000.0,45.94,300,45.93,3500,45.87,3800,45.86,1300,45.8,4800,45.95,9900,45.97,500,45.99,1700,46.0,39400,46.03,500,HOLD
1780623623181,09:40:18,45.9,45.48,47.2,45.05,45.81,2508300.0,116000000.0,45.88,300,45.87,3800,45.86,1300,45.8,4600,45.77,6700,45.9,200,45.94,3100,45.95,9700,45.97,500,45.99,1700,HOLD
1780623626192,09:40:21,45.9,45.48,47.2,45.05,45.81,2509700.0,116070000.0,45.9,300,45.88,400,45.87,3800,45.86,1300,45.8,4500,45.94,3100,45.95,9700,45.97,500,45.99,1700,46.03,500,HOLD
1780623629196,09:40:27,45.87,45.48,47.2,45.05,45.81,2520100.0,116540000.0,45.86,1300,45.8,4500,45.77,6700,45.74,400,45.62,500,45.87,300,45.88,3000,45.9,100,45.94,2600,45.95,800,HOLD
1780623632205,09:40:30,45.8,45.48,47.2,45.05,45.81,2527400.0,116880000.0,45.77,6700,45.74,400,45.62,500,45.6,800,45.59,200,45.8,800,45.85,500,45.86,600,45.87,1800,45.88,3100,HOLD
1780623635213,09:40:33,45.74,45.48,47.2,45.05,45.81,2535400.0,117240000.0,45.62,500,45.6,800,45.59,200,45.58,200,45.54,200,45.74,200,45.77,7300,45.79,1000,45.8,200,45.83,100,HOLD
1780623638218,09:40:36,45.74,45.48,47.2,45.05,45.81,2535900.0,117270000.0,45.64,500,45.63,300,45.62,13400,45.6,800,45.59,200,45.73,500,45.74,500,45.77,3200,45.79,1000,45.8,100,HOLD
1780623644231,09:40:42,45.71,45.48,47.2,45.05,45.81,2571100.0,118870000.0,45.7,200,45.62,4900,45.6,800,45.59,200,45.58,200,45.71,400,45.72,3500,45.73,400,45.74,500,45.77,3100,HOLD
1780623647237,09:40:45,45.72,45.48,47.2,45.05,45.81,2600400.0,120210000.0,45.66,11600,45.62,2100,45.61,400,45.6,800,45.59,200,45.7,300,45.72,3800,45.73,400,45.74,500,45.77,3100,HOLD
1780623653245,09:40:48,45.69,45.48,47.2,45.05,45.81,2606700.0,120500000.0,45.66,6800,45.62,2200,45.61,200,45.6,1200,45.59,200,45.69,3800,45.7,3800,45.71,400,45.72,3500,45.73,400,HOLD
1780623656253,09:40:54,45.73,45.48,47.2,45.05,45.81,2623300.0,121260000.0,45.73,1300,45.7,600,45.69,2000,45.66,1100,45.62,2200,45.79,1100,45.8,100,45.86,1600,45.87,100,45.88,100,HOLD
1780623659265,09:40:57,45.73,45.48,47.2,45.05,45.81,2630900.0,121600000.0,45.74,300,45.73,100,45.69,400,45.66,5200,45.62,2100,45.79,900,45.8,100,45.86,1600,45.87,100,45.88,100,HOLD
1780623665279,09:41:00,45.78,45.48,47.2,45.05,45.81,2633400.0,121720000.0,45.76,1000,45.73,1200,45.7,200,45.69,1200,45.66,1400,45.78,100,45.8,400,45.83,700,45.84,1800,45.85,1200,HOLD
1780623668284,09:41:03,45.76,45.48,47.2,45.05,45.81,2635400.0,121810000.0,45.73,1700,45.7,100,45.69,1700,45.67,200,45.66,1400,45.77,400,45.78,200,45.8,400,45.84,1800,45.85,1200,HOLD
1780623671301,09:41:09,45.8,45.48,47.2,45.05,45.81,2638500.0,121950000.0,45.8,700,45.79,1600,45.77,1000,45.76,1100,45.75,400,45.84,1800,45.85,1200,45.86,700,45.87,100,45.88,100,HOLD
1780623677314,09:41:15,45.84,45.48,47.2,45.05,45.81,2643500.0,122180000.0,45.84,600,45.82,1000,45.81,200,45.8,200,45.79,1600,45.88,100,45.94,200,45.95,100,45.96,100,45.99,100,HOLD
1780623680315,09:41:18,46.06,45.48,47.2,45.05,45.81,2647400.0,122360000.0,45.96,200,45.95,100,45.94,300,45.9,800,45.88,1000,46.04,100,46.05,200,46.07,100,46.1,3000,46.2,100,HOLD
1780623683325,09:41:21,46.02,45.48,47.2,45.05,45.81,2651900.0,122570000.0,45.88,1200,45.84,300,45.83,3100,45.82,1000,45.81,300,46.03,400,46.04,100,46.05,600,46.07,100,46.1,2000,HOLD
1780623686332,09:41:24,46.02,45.48,47.2,45.05,45.81,2652900.0,122610000.0,45.89,600,45.88,900,45.84,300,45.83,3100,45.81,300,46.02,100,46.03,500,46.04,100,46.05,600,46.07,100,HOLD
1780623689345,09:41:27,45.88,45.48,47.2,45.05,45.81,2654900.0,122700000.0,45.84,300,45.83,3100,45.81,300,45.8,200,45.79,1600,46.01,800,46.02,400,46.03,500,46.04,100,46.05,600,HOLD
1780623692350,09:41:30,46.03,45.48,47.2,45.05,45.81,2666200.0,123220000.0,46.03,200,45.88,200,45.87,700,45.86,200,45.85,700,46.21,600,46.22,100,46.31,100,46.32,200,46.46,200,HOLD
1780623698365,09:41:36,46.1,45.48,47.2,45.05,45.81,2671600.0,123470000.0,46.01,500,45.88,700,45.87,700,45.86,200,45.85,900,46.1,1000,46.12,200,46.13,700,46.15,200,46.16,4200,HOLD
1780623701380,09:41:39,46.03,45.48,47.2,45.05,45.81,2674400.0,123600000.0,46.03,200,46.01,2300,45.96,100,45.95,300,45.9,11400,46.08,1200,46.09,1400,46.1,2600,46.12,200,46.16,4200,HOLD
1780623707402,09:41:45,46.05,45.48,47.2,45.05,45.81,2675800.0,123670000.0,46.05,900,46.04,500,46.03,700,46.01,2200,45.96,100,46.06,300,46.07,300,46.08,700,46.09,1400,46.1,2700,HOLD
1780623713425,09:41:51,46.01,45.48,47.2,45.05,45.81,2682700.0,123980000.0,45.96,100,45.9,10800,45.84,4000,45.83,3100,45.81,300,46.01,200,46.03,1200,46.04,500,46.05,2500,46.06,700,HOLD
1780623719435,09:41:57,45.9,45.48,47.2,45.05,45.81,2686600.0,124160000.0,45.84,4000,45.81,300,45.8,1200,45.79,1600,45.77,100,45.9,900,45.97,400,45.98,800,45.99,400,46.0,500,HOLD
1780623722445,09:42:00,45.97,45.48,47.2,45.05,45.81,2689100.0,124280000.0,45.9,900,45.89,400,45.84,2600,45.81,300,45.8,1200,45.97,500,45.98,800,45.99,400,46.0,500,46.03,1000,HOLD
1780623725449,09:42:03,45.97,45.48,47.2,45.05,45.81,2692600.0,124440000.0,45.91,100,45.9,1000,45.84,2600,45.81,300,45.8,1200,45.97,100,45.98,800,45.99,400,46.0,10500,46.03,900,HOLD
1780623728453,09:42:06,46.05,45.48,47.2,45.05,45.81,2707700.0,125130000.0,46.04,100,46.0,200,45.99,500,45.98,100,45.97,9800,46.05,100,46.06,200,46.07,200,46.09,900,46.17,100,HOLD
1780623731461,09:42:09,46.04,45.48,47.2,45.05,45.81,2707900.0,125140000.0,46.04,2300,45.99,500,45.98,100,45.97,12100,45.9,1300,46.05,200,46.06,200,46.07,200,46.09,300,46.17,100,HOLD
1780623734460,09:42:12,46.05,45.48,47.2,45.05,45.81,2712100.0,125340000.0,45.98,100,45.97,15300,45.9,1000,45.89,900,45.85,100,46.05,100,46.06,200,46.07,200,46.09,300,46.17,100,HOLD
1780623740468,09:42:18,45.99,45.48,47.2,45.05,45.81,2722700.0,125820000.0,45.9,3800,45.89,900,45.85,100,45.84,3000,45.81,300,45.99,5000,46.0,3400,46.01,1800,46.04,400,46.05,300,HOLD
1780623743480,09:42:21,45.9,45.48,47.2,45.05,45.81,2737300.0,126490000.0,45.91,200,45.9,3500,45.85,100,45.84,3000,45.81,300,46.07,200,46.09,300,46.17,100,46.21,600,46.3,100,HOLD
1780623746488,09:42:24,46.0,45.48,47.2,45.05,45.81,2738700.0,126560000.0,45.99,1400,45.91,11000,45.9,3400,45.85,100,45.84,3000,46.07,500,46.09,300,46.17,100,46.2,500,46.21,600,HOLD
1780623749497,09:42:27,46.0,45.48,47.2,45.05,45.81,2741400.0,126680000.0,45.99,100,45.91,10400,45.9,3400,45.85,100,45.84,3000,46.0,9300,46.06,900,46.07,100,46.09,300,46.17,100,HOLD
1780623752500,09:42:30,46.0,45.48,47.2,45.05,45.81,2742500.0,126730000.0,45.99,1700,45.97,300,45.91,10900,45.9,3400,45.85,100,46.0,8700,46.06,1000,46.07,100,46.09,300,46.17,100,HOLD
1780623758512,09:42:33,46.0,45.48,47.2,45.05,45.81,2750700.0,127110000.0,45.99,2500,45.98,200,45.97,300,45.91,10700,45.9,3400,46.0,1200,46.06,1000,46.09,300,46.17,100,46.18,100,HOLD
1780623761521,09:42:39,46.0,45.48,47.2,45.05,45.81,2757900.0,127440000.0,46.0,3900,45.99,2100,45.98,200,45.92,200,45.91,10800,46.05,200,46.06,500,46.09,300,46.17,100,46.18,100,HOLD
1780623764527,09:42:42,46.0,45.48,47.2,45.05,45.81,2762000.0,127630000.0,46.0,2100,45.99,5100,45.98,200,45.92,200,45.91,600,46.04,600,46.05,100,46.06,500,46.09,300,46.17,100,HOLD
1780623770542,09:42:45,46.03,45.48,47.2,45.05,45.81,2766200.0,127820000.0,46.01,5000,46.0,200,45.99,5200,45.98,200,45.92,900,46.04,100,46.06,400,46.09,300,46.17,100,46.18,100,HOLD
1780623773542,09:42:51,46.06,45.48,47.2,45.05,45.81,2771400.0,128060000.0,46.05,2000,46.04,200,46.02,8000,46.01,3000,46.0,1700,46.06,300,46.09,300,46.17,100,46.18,100,46.2,800,HOLD
1780623776551,09:42:54,46.06,45.48,47.2,45.05,45.81,2772200.0,128100000.0,46.06,800,46.05,1600,46.04,800,46.03,300,46.02,8000,46.09,300,46.17,100,46.18,100,46.2,800,46.21,600,HOLD
1780623779558,09:42:57,46.04,45.48,47.2,45.05,45.81,2785600.0,128720000.0,46.04,1100,46.01,3000,46.0,1700,45.99,6100,45.98,200,46.06,1600,46.08,800,46.09,400,46.17,100,46.18,100,HOLD
1780623782572,09:43:00,46.06,45.48,47.2,45.05,45.81,2793700.0,129090000.0,45.99,5100,45.98,200,45.92,1000,45.91,700,45.9,3800,46.05,300,46.06,400,46.08,700,46.09,400,46.17,100,HOLD
1780623785580,09:43:03,45.99,45.48,47.2,45.05,45.81,2796700.0,129230000.0,45.99,2700,45.98,200,45.92,1000,45.91,700,45.9,3800,46.03,600,46.04,800,46.05,1700,46.06,400,46.08,700,HOLD
1780623788586,09:43:06,45.92,45.48,47.2,45.05,45.81,2801800.0,129460000.0,45.92,300,45.91,700,45.9,3800,45.84,3000,45.8,4200,45.98,600,45.99,600,46.01,400,46.02,500,46.03,100,HOLD
1780623794610,09:43:12,45.84,45.48,47.2,45.05,45.81,2812100.0,129940000.0,45.84,2200,45.8,4200,45.79,2700,45.77,100,45.76,5100,45.89,400,45.9,100,45.97,400,45.98,2200,45.99,200,HOLD
1780623797619,09:43:15,45.8,45.48,47.2,45.05,45.81,2816400.0,130130000.0,45.8,3800,45.79,2700,45.77,100,45.76,5100,45.75,400,45.84,400,45.86,100,45.89,400,45.9,1400,45.97,400,HOLD
1780623803634,09:43:21,45.79,45.48,47.2,45.05,45.81,2820900.0,130340000.0,45.79,2500,45.77,100,45.76,5100,45.75,400,45.74,100,45.8,1400,45.83,600,45.84,900,45.86,100,45.89,400,HOLD
1780623809653,09:43:27,45.79,45.48,47.2,45.05,45.81,2827300.0,130630000.0,45.79,7200,45.77,100,45.76,5100,45.75,400,45.74,200,45.8,700,45.83,1100,45.84,900,45.86,100,45.9,100,HOLD
1780623812654,09:43:30,45.81,45.48,47.2,45.05,45.81,2829300.0,130720000.0,45.81,1200,45.8,3400,45.79,9200,45.77,200,45.76,5100,45.83,1000,45.84,900,45.9,100,45.97,300,45.99,200,HOLD
1780623815671,09:43:33,45.83,45.48,47.2,45.05,45.81,2830500.0,130780000.0,45.83,100,45.82,500,45.81,1300,45.8,3800,45.79,9700,45.84,900,45.9,100,45.97,300,45.99,200,46.0,10000,HOLD
1780623818676,09:43:36,45.9,45.48,47.2,45.05,45.81,2831500.0,130820000.0,45.87,200,45.86,300,45.83,3100,45.82,500,45.81,1100,45.9,100,45.97,300,45.99,200,46.0,10000,46.03,300,HOLD
1780623821690,09:43:39,45.9,45.48,47.2,45.05,45.81,2831600.0,130830000.0,45.91,200,45.9,1400,45.89,300,45.88,1100,45.86,300,45.97,300,45.99,200,46.0,10000,46.03,300,46.04,200,HOLD
1780623824697,09:43:42,45.9,45.48,47.2,45.05,45.81,2832000.0,130850000.0,45.9,1200,45.89,300,45.88,1100,45.86,300,45.84,100,45.91,100,45.97,300,45.99,200,46.0,10000,46.03,300,HOLD
1780623827708,09:43:45,45.9,45.48,47.2,45.05,45.81,2833200.0,130900000.0,45.9,1200,45.89,300,45.88,1100,45.86,300,45.84,100,45.99,200,46.0,10000,46.03,300,46.04,200,46.05,200,HOLD
1780623833735,09:43:51,45.97,45.48,47.2,45.05,45.81,2834200.0,130950000.0,45.94,400,45.92,200,45.91,200,45.9,13100,45.84,100,45.97,900,45.98,700,45.99,400,46.0,10000,46.03,300,HOLD
1780623836749,09:43:54,45.97,45.48,47.2,45.05,45.81,2848100.0,131590000.0,45.98,200,45.97,1200,45.94,1100,45.9,4300,45.84,100,45.99,200,46.0,10000,46.03,300,46.04,200,46.05,200,HOLD
1780623842775,09:44:00,46.06,45.48,47.2,45.05,45.81,2866300.0,132420000.0,46.07,1600,46.06,500,46.05,500,46.04,2400,46.03,200,46.17,100,46.2,700,46.21,600,46.28,400,46.3,100,HOLD
1780623845788,09:44:03,46.13,45.48,47.2,45.05,45.81,2867600.0,132480000.0,46.07,1400,46.06,5000,46.05,500,46.04,2400,46.03,200,46.13,400,46.2,500,46.21,600,46.28,400,46.3,100,HOLD
1780623848795,09:44:06,46.18,45.48,47.2,45.05,45.81,2868300.0,132520000.0,46.18,100,46.16,1500,46.12,2900,46.11,2500,46.1,100,46.2,500,46.21,600,46.28,400,46.3,100,46.32,200,HOLD
1780623851801,09:44:09,46.19,45.48,47.2,45.05,45.81,2869900.0,132590000.0,46.16,1200,46.12,2900,46.11,2500,46.1,100,46.08,4400,46.18,100,46.19,200,46.2,500,46.21,600,46.28,400,HOLD
1780623854816,09:44:12,46.18,45.48,47.2,45.05,45.81,2870700.0,132630000.0,46.18,3000,46.17,9700,46.16,1200,46.13,500,46.12,2900,46.19,200,46.2,500,46.21,600,46.28,300,46.3,100,HOLD
1780623857816,09:44:15,46.32,45.48,47.2,45.05,45.81,2873000.0,132730000.0,46.27,6000,46.26,6500,46.22,5800,46.21,100,46.19,2800,46.34,300,46.35,300,46.36,100,46.4,200,46.41,400,HOLD
1780623860818,09:44:18,46.3,45.48,47.2,45.05,45.81,2873900.0,132780000.0,46.27,6000,46.26,6500,46.22,5800,46.19,9200,46.18,5800,46.32,100,46.34,300,46.35,300,46.36,100,46.4,200,HOLD
1780623866833,09:44:21,46.32,45.48,47.2,45.05,45.81,2877700.0,132950000.0,46.27,7400,46.26,2600,46.22,5800,46.2,400,46.19,9200,46.32,600,46.34,100,46.35,100,46.36,100,46.4,200,HOLD
1780623869847,09:44:24,46.31,45.48,47.2,45.05,45.81,2881200.0,133110000.0,46.27,6400,46.26,2600,46.22,5800,46.2,400,46.19,9700,46.31,200,46.32,100,46.34,100,46.35,100,46.36,100,HOLD
1780623872860,09:44:30,46.38,45.48,47.2,45.05,45.81,2887200.0,133390000.0,46.36,1400,46.32,4200,46.31,600,46.3,400,46.29,1000,46.39,1200,46.4,300,46.41,400,46.42,100,46.48,500,HOLD
1780623875862,09:44:33,46.47,45.48,47.2,45.05,45.81,2892400.0,133630000.0,46.47,4500,46.46,11400,46.45,1600,46.42,10500,46.41,4900,46.5,13100,46.55,100,46.56,600,46.58,300,46.59,3100,HOLD
1780623878868,09:44:36,46.5,45.48,47.2,45.05,45.81,2895400.0,133770000.0,46.47,4100,46.46,11400,46.45,1600,46.42,10500,46.41,4900,46.5,10600,46.55,100,46.56,600,46.58,300,46.59,3100,HOLD
1780623881873,09:44:39,46.49,45.48,47.2,45.05,45.81,2899900.0,133980000.0,46.47,2600,46.46,11400,46.45,400,46.42,10500,46.41,4900,46.49,600,46.5,7900,46.51,8500,46.55,100,46.56,600,HOLD
1780623884879,09:44:42,46.5,45.48,47.2,45.05,45.81,2916600.0,134760000.0,46.5,2000,46.45,500,46.42,10500,46.41,4900,46.4,28500,46.51,8500,46.55,300,46.56,600,46.58,300,46.59,3100,HOLD
1780623887889,09:44:45,46.5,45.48,47.2,45.05,45.81,2929500.0,135360000.0,46.5,1600,46.49,100,46.48,100,46.45,500,46.42,10500,46.56,600,46.58,300,46.59,3100,46.6,5000,46.63,600,HOLD
1780623890903,09:44:48,46.49,45.48,47.2,45.05,45.81,2932100.0,135480000.0,46.49,600,46.48,100,46.45,500,46.42,10500,46.41,4900,46.5,9500,46.51,100,46.56,800,46.58,900,46.59,3100,HOLD
1780623893915,09:44:51,46.56,45.48,47.2,45.05,45.81,2944300.0,136050000.0,46.56,1700,46.48,100,46.45,500,46.42,10500,46.41,4900,46.58,900,46.59,3100,46.6,5000,46.63,600,46.65,300,HOLD
1780623896921,09:44:54,46.55,45.48,47.2,45.05,45.81,2948100.0,136220000.0,46.51,4200,46.5,100,46.49,10700,46.48,100,46.45,500,46.57,200,46.58,1100,46.59,3100,46.6,5000,46.63,600,HOLD
1780623899924,09:44:57,46.63,45.48,47.2,45.05,45.81,2960300.0,136790000.0,46.62,5500,46.61,200,46.6,200,46.59,300,46.58,3600,46.65,300,46.66,1800,46.68,400,46.69,900,46.7,1700,HOLD
1780623902935,09:45:00,46.65,45.48,47.2,45.05,45.81,2962100.0,136880000.0,46.65,1900,46.63,100,46.62,2800,46.61,200,46.6,200,46.66,1900,46.68,400,46.69,900,46.7,1700,46.73,300,HOLD
1780623905940,09:45:03,46.68,45.48,47.2,45.05,45.81,2975200.0,137490000.0,46.58,200,46.57,1300,46.56,500,46.55,5700,46.52,2000,46.68,100,46.69,900,46.7,1700,46.73,300,46.76,100,HOLD
1780623908945,09:45:06,46.66,45.48,47.2,45.05,45.81,2977600.0,137600000.0,46.66,2400,46.65,5500,46.6,100,46.58,200,46.57,1300,46.67,300,46.68,1000,46.69,900,46.7,1500,46.73,800,HOLD
1780623911951,09:45:09,46.65,45.48,47.2,45.05,45.81,3001900.0,138730000.0,46.65,200,46.6,100,46.58,200,46.57,1300,46.55,5700,46.66,2500,46.69,100,46.7,1500,46.73,800,46.76,100,HOLD
1780623917967,09:45:15,46.56,45.48,47.2,45.05,45.81,3034500.0,140250000.0,46.56,200,46.55,600,46.52,1000,46.51,4200,46.5,6800,46.6,100,46.61,800,46.62,2800,46.63,300,46.64,1700,HOLD
1780623920972,09:45:18,46.42,45.48,47.2,45.05,45.81,3066000.0,141710000.0,46.41,100,46.4,28000,46.36,1100,46.35,300,46.33,100,46.42,100,46.45,200,46.47,100,46.52,100,46.53,200,HOLD
1780623923980,09:45:21,46.4,45.48,47.2,45.05,45.81,3067000.0,141760000.0,46.4,27200,46.35,300,46.33,100,46.32,5000,46.3,400,46.41,2300,46.42,500,46.43,1100,46.45,200,46.47,100,HOLD
1780623926994,09:45:24,46.4,45.48,47.2,45.05,45.81,3095700.0,143090000.0,46.33,100,46.32,5000,46.3,400,46.27,3300,46.26,2600,46.4,5000,46.41,4200,46.42,500,46.45,200,46.47,100,HOLD
1780623930001,09:45:27,46.33,45.48,47.2,45.05,45.81,3096000.0,143110000.0,46.32,5000,46.3,400,46.27,3300,46.26,2600,46.22,5800,46.33,600,46.38,800,46.39,100,46.4,7600,46.41,3100,HOLD
1780623933000,09:45:30,46.3,45.48,47.2,45.05,45.81,3098300.0,143210000.0,46.3,100,46.27,3300,46.26,2600,46.22,5800,46.2,400,46.33,1600,46.34,100,46.38,800,46.39,100,46.4,14500,HOLD
1780623936013,09:45:33,46.23,45.48,47.2,45.05,45.81,3099800.0,143280000.0,46.2,400,46.19,9200,46.18,1600,46.17,1700,46.16,1200,46.27,200,46.3,11600,46.32,800,46.33,700,46.34,100,HOLD
1780623939024,09:45:36,46.21,45.48,47.2,45.05,45.81,3100400.0,143310000.0,46.2,500,46.19,9200,46.18,1600,46.17,1700,46.16,1200,46.22,100,46.27,1200,46.3,12700,46.32,800,46.33,700,HOLD
1780623942036,09:45:39,46.2,45.48,47.2,45.05,45.81,3101000.0,143340000.0,46.19,7700,46.18,1600,46.17,1700,46.16,1200,46.15,200,46.2,300,46.21,3500,46.22,600,46.27,700,46.3,12500,HOLD
1780623945043,09:45:42,46.19,45.48,47.2,45.05,45.81,3110100.0,143760000.0,46.18,1600,46.17,1700,46.16,1200,46.15,200,46.12,2900,46.19,600,46.21,2700,46.22,600,46.27,700,46.3,11400,HOLD
1780623951058,09:45:48,46.15,45.48,47.2,45.05,45.81,3110800.0,143790000.0,46.11,600,46.05,300,46.01,100,46.0,2400,45.99,2000,46.15,1000,46.16,1500,46.17,1100,46.18,3700,46.19,2500,HOLD
1780623954060,09:45:51,46.11,45.48,47.2,45.05,45.81,3112800.0,143880000.0,46.1,200,46.09,200,46.05,300,46.01,100,46.0,2400,46.11,1000,46.14,1600,46.16,500,46.17,600,46.18,4300,HOLD
1780623957065,09:45:54,46.1,45.48,47.2,45.05,45.81,3113000.0,143890000.0,46.05,300,46.01,100,46.0,2400,45.99,2000,45.98,100,46.1,2100,46.11,1100,46.14,1800,46.15,500,46.16,400,HOLD
1780623960072,09:45:57,46.05,45.48,47.2,45.05,45.81,3113300.0,143910000.0,46.01,100,46.0,2400,45.99,2000,45.98,100,45.97,600,46.04,1400,46.05,1300,46.09,5700,46.1,3000,46.11,1200,HOLD
1780623963077,09:46:00,46.04,45.48,47.2,45.05,45.81,3115100.0,143990000.0,46.0,2800,45.99,2000,45.98,100,45.97,600,45.94,900,46.01,1000,46.04,2800,46.05,1700,46.09,5700,46.1,1400,HOLD
1780623966077,09:46:03,45.97,45.48,47.2,45.05,45.81,3122600.0,144330000.0,45.94,900,45.9,4900,45.88,2000,45.83,2500,45.81,100,45.95,100,45.97,2100,45.98,1200,45.99,3500,46.0,16600,HOLD
1780623969083,09:46:06,45.9,45.48,47.2,45.05,45.81,3127000.0,144540000.0,45.9,3100,45.88,2000,45.83,2500,45.81,100,45.8,700,45.92,400,45.93,500,45.94,10900,45.95,400,45.96,200,HOLD
1780623972087,09:46:09,45.88,45.48,47.2,45.05,45.81,3131500.0,144740000.0,45.88,600,45.83,2500,45.81,100,45.8,700,45.79,8800,45.89,700,45.9,3200,45.91,5600,45.92,600,45.93,500,HOLD
1780623975089,09:46:12,45.87,45.48,47.2,45.05,45.81,3132300.0,144780000.0,45.83,2900,45.81,100,45.8,3800,45.79,8800,45.77,100,45.87,2200,45.88,2100,45.89,1000,45.9,3500,45.91,5600,HOLD
1780623978094,09:46:15,45.83,45.48,47.2,45.05,45.81,3136600.0,144980000.0,45.81,100,45.8,4100,45.79,8800,45.77,100,45.76,5300,45.83,400,45.87,2600,45.88,2100,45.89,1400,45.9,1100,HOLD
1780623981094,09:46:18,45.87,45.48,47.2,45.05,45.81,3142100.0,145230000.0,45.8,1000,45.79,8800,45.77,100,45.76,5300,45.75,1000,45.83,900,45.87,2300,45.88,1400,45.89,900,45.91,4000,HOLD
1780623984106,09:46:21,45.83,45.48,47.2,45.05,45.81,3142500.0,145250000.0,45.8,1900,45.79,8800,45.77,100,45.76,5300,45.75,1000,45.83,3500,45.87,2300,45.88,1100,45.89,900,45.91,3800,HOLD
1780623987120,09:46:24,45.8,45.48,47.2,45.05,45.81,3148900.0,145540000.0,45.8,2700,45.79,8800,45.77,1000,45.76,5300,45.75,1000,45.87,2300,45.88,1100,45.89,900,45.91,3800,45.92,500,HOLD
1780623990120,09:46:27,45.83,45.48,47.2,45.05,45.81,3156000.0,145860000.0,45.85,1000,45.83,15400,45.81,1400,45.8,7000,45.79,8800,45.86,100,45.87,2500,45.88,1100,45.89,700,45.91,3800,HOLD
1780623993134,09:46:30,45.86,45.48,47.2,45.05,45.81,3156500.0,145880000.0,45.85,1000,45.83,15600,45.81,1400,45.8,8100,45.79,8800,45.86,400,45.87,2200,45.88,1100,45.89,700,45.91,3800,HOLD
1780623996151,09:46:33,45.85,45.48,47.2,45.05,45.81,3170900.0,146540000.0,45.83,2600,45.81,1400,45.8,7100,45.79,8800,45.78,500,45.86,400,45.87,2200,45.88,1100,45.89,400,45.91,3800,HOLD
1780623999158,09:46:36,45.86,45.48,47.2,45.05,45.81,3174500.0,146710000.0,45.86,600,45.85,200,45.84,200,45.83,2100,45.81,1500,45.87,1200,45.88,1100,45.89,400,45.91,3300,45.92,100,HOLD
1780624002169,09:46:39,45.86,45.48,47.2,45.05,45.81,3176100.0,146780000.0,45.84,200,45.83,2600,45.81,1500,45.8,7100,45.79,8800,45.86,800,45.87,1800,45.88,1100,45.89,400,45.92,100,HOLD
1780624005178,09:46:42,45.89,45.48,47.2,45.05,45.81,3184000.0,147150000.0,45.87,100,45.86,1800,45.85,100,45.83,2500,45.81,1500,45.89,500,45.92,100,45.93,500,45.94,1200,45.95,100,HOLD
1780624008192,09:46:45,45.86,45.48,47.2,45.05,45.81,3185700.0,147220000.0,45.86,2000,45.85,100,45.83,2500,45.81,1500,45.8,7700,45.88,300,45.89,600,45.92,100,45.93,500,45.94,1200,HOLD
1780624011204,09:46:48,45.89,45.48,47.2,45.05,45.81,3187800.0,147320000.0,45.88,9300,45.87,600,45.86,2400,45.85,100,45.83,3000,45.92,400,45.93,500,45.94,1200,45.95,100,45.96,200,HOLD
1780624017229,09:46:51,45.94,45.48,47.2,45.05,45.81,3189700.0,147410000.0,45.94,100,45.92,200,45.89,2600,45.88,9400,45.87,600,45.95,100,45.96,200,46.01,700,46.05,300,46.07,100,HOLD
1780624020231,09:46:57,46.0,45.48,47.2,45.05,45.81,3193200.0,147570000.0,46.0,4000,45.92,500,45.89,2600,45.88,9500,45.87,600,46.01,700,46.05,300,46.07,100,46.09,5300,46.1,400,HOLD
1780624023247,09:47:00,46.01,45.48,47.2,45.05,45.81,3195600.0,147680000.0,46.01,1500,46.0,12700,45.96,200,45.94,400,45.92,500,46.05,900,46.07,100,46.09,5300,46.1,400,46.11,100,HOLD
1780624026249,09:47:03,46.06,45.48,47.2,45.05,45.81,3198600.0,147820000.0,46.06,2800,46.05,6300,46.01,1600,46.0,12700,45.96,1100,46.09,4700,46.1,400,46.11,100,46.14,100,46.17,400,HOLD
1780624029249,09:47:06,46.09,45.48,47.2,45.05,45.81,3204200.0,148070000.0,46.09,1600,46.06,2800,46.05,4400,46.01,2100,46.0,12700,46.11,100,46.14,100,46.17,400,46.18,100,46.19,600,HOLD
1780624032254,09:47:09,46.11,45.48,47.2,45.05,45.81,3207600.0,148230000.0,46.11,1400,46.06,1800,46.05,4600,46.01,2200,46.0,12800,46.13,400,46.14,100,46.17,400,46.18,100,46.19,600,HOLD
1780624035261,09:47:12,46.13,45.48,47.2,45.05,45.81,3208900.0,148290000.0,46.15,300,46.13,200,46.11,1100,46.1,200,46.09,100,46.18,100,46.19,600,46.27,200,46.3,1300,46.33,100,HOLD
1780624038281,09:47:15,46.18,45.48,47.2,45.05,45.81,3211900.0,148430000.0,46.18,100,46.15,300,46.13,4800,46.11,700,46.1,200,46.24,500,46.25,4200,46.26,2500,46.27,200,46.3,1300,HOLD
1780624041288,09:47:18,46.17,45.48,47.2,45.05,45.81,3213900.0,148520000.0,46.13,4200,46.11,1400,46.1,200,46.09,100,46.06,1800,46.17,300,46.18,700,46.23,700,46.24,1600,46.25,4200,HOLD
1780624044300,09:47:21,46.17,45.48,47.2,45.05,45.81,3216500.0,148640000.0,46.13,3600,46.11,1600,46.1,200,46.09,100,46.06,1800,46.16,300,46.17,600,46.18,700,46.21,100,46.23,1500,HOLD
1780624047304,09:47:24,46.26,45.48,47.2,45.05,45.81,3231700.0,149340000.0,46.26,400,46.13,800,46.11,1600,46.1,200,46.09,100,46.27,100,46.3,1300,46.33,100,46.37,100,46.39,100,HOLD
1780624050310,09:47:27,46.27,45.48,47.2,45.05,45.81,3233200.0,149410000.0,46.27,200,46.21,3500,46.2,800,46.19,4500,46.18,600,46.3,500,46.33,100,46.37,100,46.39,100,46.4,600,HOLD
1780624056331,09:47:33,46.33,45.48,47.2,45.05,45.81,3237500.0,149610000.0,46.29,500,46.26,3400,46.22,300,46.21,3500,46.2,800,46.37,100,46.39,100,46.4,700,46.41,300,46.42,100,HOLD
1780624059334,09:47:36,46.29,45.48,47.2,45.05,45.81,3238200.0,149650000.0,46.26,3400,46.22,300,46.21,3500,46.2,800,46.19,4500,46.28,300,46.29,200,46.3,200,46.32,700,46.33,200,HOLD
1780624062338,09:47:39,46.26,45.48,47.2,45.05,45.81,3244600.0,149940000.0,46.26,200,46.22,300,46.21,3500,46.2,800,46.19,4500,46.27,500,46.28,1600,46.29,300,46.3,200,46.32,700,HOLD
1780624065343,09:47:42,46.25,45.48,47.2,45.05,45.81,3244900.0,149960000.0,46.22,300,46.21,3500,46.2,800,46.19,4500,46.16,400,46.24,500,46.25,600,46.26,4700,46.27,900,46.28,1400,HOLD
1780624068357,09:47:45,46.26,45.48,47.2,45.05,45.81,3248600.0,150130000.0,46.21,2200,46.2,800,46.19,4500,46.16,400,46.15,2400,46.26,4300,46.27,500,46.28,1400,46.29,300,46.3,200,HOLD
1780624071370,09:47:48,46.21,45.48,47.2,45.05,45.81,3249800.0,150180000.0,46.21,1200,46.2,800,46.19,4500,46.16,400,46.15,1300,46.24,200,46.25,1700,46.26,4600,46.27,500,46.28,1400,HOLD
1780624074384,09:47:51,46.21,45.48,47.2,45.05,45.81,3249800.0,150180000.0,46.21,1200,46.2,800,46.19,4500,46.16,400,46.15,1300,46.23,200,46.24,500,46.25,1700,46.26,3800,46.27,500,HOLD
1780624077398,09:47:54,46.2,45.48,47.2,45.05,45.81,3251500.0,150260000.0,46.2,300,46.19,4500,46.16,400,46.15,200,46.13,800,46.22,200,46.23,300,46.24,1100,46.25,200,46.26,3800,HOLD
1780624080415,09:47:57,46.21,45.48,47.2,45.05,45.81,3252100.0,150290000.0,46.19,3800,46.16,400,46.15,200,46.13,800,46.11,1000,46.22,200,46.23,300,46.24,200,46.25,200,46.26,4800,HOLD
1780624083418,09:48:00,46.2,45.48,47.2,45.05,45.81,3254000.0,150380000.0,46.16,4500,46.15,200,46.13,800,46.11,2200,46.1,300,46.2,300,46.21,1000,46.22,900,46.23,300,46.24,200,HOLD
1780624086424,09:48:03,46.16,45.48,47.2,45.05,45.81,3255100.0,150430000.0,46.17,100,46.16,4100,46.15,200,46.13,800,46.11,2200,46.18,800,46.19,100,46.2,1000,46.21,1000,46.22,600,HOLD
1780624089424,09:48:06,46.18,45.48,47.2,45.05,45.81,3257500.0,150540000.0,46.16,4100,46.15,200,46.13,800,46.11,2200,46.1,200,46.18,200,46.19,1500,46.2,700,46.21,1000,46.22,600,HOLD
1780624092439,09:48:09,46.16,45.48,47.2,45.05,45.81,3257800.0,150550000.0,46.16,3900,46.15,200,46.13,700,46.11,2200,46.1,200,46.17,500,46.18,3100,46.19,1500,46.2,200,46.21,1000,HOLD
1780624095440,09:48:12,46.16,45.48,47.2,45.05,45.81,3267500.0,151000000.0,46.1,100,46.06,700,46.05,700,46.04,100,46.01,300,46.16,1000,46.17,1900,46.18,3100,46.19,1500,46.2,200,HOLD
1780624098453,09:48:15,46.18,45.48,47.2,45.05,45.81,3283100.0,151720000.0,46.18,1700,46.13,100,46.1,100,46.09,100,46.06,700,46.19,1500,46.2,200,46.21,1000,46.22,400,46.23,200,HOLD
1780624101462,09:48:18,46.23,45.48,47.2,45.05,45.81,3297900.0,152400000.0,46.2,600,46.19,400,46.18,4700,46.16,400,46.13,100,46.24,100,46.25,200,46.26,1900,46.27,500,46.28,800,HOLD
1780624104472,09:48:21,46.26,45.48,47.2,45.05,45.81,3302800.0,152630000.0,46.26,2200,46.25,200,46.24,1600,46.23,22900,46.2,2800,46.3,200,46.31,100,46.32,400,46.35,100,46.37,100,HOLD
1780624107475,09:48:24,46.32,45.48,47.2,45.05,45.81,3304400.0,152700000.0,46.3,1600,46.28,100,46.26,2900,46.25,200,46.24,1500,46.37,100,46.4,600,46.41,300,46.42,100,46.5,3200,HOLD
1780624110481,09:48:27,46.37,45.48,47.2,45.05,45.81,3304700.0,152720000.0,46.37,200,46.3,1700,46.26,2900,46.25,200,46.23,21400,46.4,600,46.41,300,46.42,100,46.5,3200,46.51,200,HOLD
1780624113492,09:48:30,46.4,45.48,47.2,45.05,45.81,3305900.0,152770000.0,46.37,900,46.3,100,46.26,2100,46.25,200,46.23,21400,46.39,100,46.4,500,46.41,300,46.42,100,46.44,500,HOLD
1780624116496,09:48:33,46.4,45.48,47.2,45.05,45.81,3306700.0,152810000.0,46.37,700,46.26,2100,46.25,200,46.23,21400,46.2,6000,46.4,100,46.41,300,46.42,100,46.44,500,46.5,3200,HOLD
1780624119500,09:48:36,46.37,45.48,47.2,45.05,45.81,3307800.0,152860000.0,46.26,2100,46.25,200,46.23,16700,46.2,6000,46.19,1100,46.37,9800,46.38,100,46.4,1000,46.41,300,46.42,100,HOLD
1780624122508,09:48:39,46.37,45.48,47.2,45.05,45.81,3308500.0,152890000.0,46.26,2600,46.25,200,46.23,5900,46.2,6000,46.19,1100,46.31,100,46.36,700,46.37,9800,46.38,100,46.4,1100,HOLD
1780624125510,09:48:42,46.36,45.48,47.2,45.05,45.81,3311800.0,153050000.0,46.26,1800,46.25,200,46.23,5000,46.2,6300,46.19,1100,46.36,100,46.37,10200,46.38,100,46.4,1100,46.41,300,HOLD
1780624128516,09:48:45,46.37,45.48,47.2,45.05,45.81,3316100.0,153250000.0,46.31,8400,46.26,15900,46.25,200,46.23,1600,46.2,6300,46.37,10600,46.38,100,46.4,1000,46.41,300,46.42,100,HOLD
1780624131550,09:48:48,46.36,45.48,47.2,45.05,45.81,3316700.0,153270000.0,46.36,4400,46.31,8100,46.26,15900,46.25,200,46.23,1600,46.37,10600,46.38,100,46.4,1000,46.41,300,46.42,100,HOLD
1780624134545,09:48:51,46.36,45.48,47.2,45.05,45.81,3323600.0,153590000.0,46.36,3900,46.31,7400,46.26,15700,46.25,200,46.23,1600,46.37,4300,46.38,100,46.4,1300,46.41,300,46.42,100,HOLD
1780624137552,09:48:54,46.36,45.48,47.2,45.05,45.81,3326600.0,153730000.0,46.36,3600,46.32,100,46.31,7400,46.26,15700,46.25,200,46.37,1800,46.38,100,46.4,1300,46.41,400,46.42,100,HOLD
1780624140558,09:48:57,46.34,45.48,47.2,45.05,45.81,3331600.0,153960000.0,46.34,200,46.31,21200,46.26,15700,46.25,200,46.23,1600,46.35,700,46.36,5400,46.37,3600,46.38,100,46.4,1000,HOLD
1780624143571,09:49:00,46.36,45.48,47.2,45.05,45.81,3334100.0,154080000.0,46.34,1000,46.31,14400,46.26,2300,46.25,200,46.23,1600,46.36,4500,46.37,3400,46.38,100,46.4,1000,46.41,900,HOLD
1780624146575,09:49:03,46.31,45.48,47.2,45.05,45.81,3337500.0,154240000.0,46.31,13300,46.26,2100,46.25,200,46.23,1600,46.2,1100,46.33,200,46.34,5900,46.35,200,46.36,3400,46.37,3200,HOLD
1780624149588,09:49:06,46.31,45.48,47.2,45.05,45.81,3341500.0,154420000.0,46.31,13200,46.26,2100,46.25,200,46.23,1600,46.2,1100,46.34,6700,46.35,200,46.36,3400,46.37,3200,46.38,100,HOLD
1780624152603,09:49:09,46.31,45.48,47.2,45.05,45.81,3354700.0,155030000.0,46.31,1500,46.26,2100,46.25,200,46.23,1600,46.2,1100,46.34,10500,46.35,200,46.36,3400,46.37,2700,46.4,1000,HOLD
1780624155636,09:49:12,46.31,45.48,47.2,45.05,45.81,3356400.0,155110000.0,46.26,2100,46.25,200,46.23,1600,46.2,1100,46.19,1100,46.33,900,46.34,10700,46.36,3400,46.37,2700,46.4,1000,HOLD
1780624158621,09:49:15,46.33,45.48,47.2,45.05,45.81,3356900.0,155140000.0,46.32,2100,46.31,4200,46.3,100,46.26,2100,46.25,200,46.33,500,46.34,10700,46.36,3700,46.37,2700,46.4,1000,HOLD
1780624161627,09:49:18,46.34,45.48,47.2,45.05,45.81,3370800.0,155780000.0,46.34,4400,46.33,21200,46.32,2500,46.31,4400,46.3,100,46.36,3700,46.37,2400,46.4,1000,46.41,800,46.42,200,HOLD
1780624164641,09:49:21,46.37,45.48,47.2,45.05,45.81,3380800.0,156240000.0,46.36,1200,46.34,2000,46.33,22300,46.32,2500,46.31,4400,46.37,900,46.4,1000,46.41,800,46.42,200,46.5,4900,HOLD
1780624167642,09:49:24,46.36,45.48,47.2,45.05,45.81,3382900.0,156340000.0,46.37,200,46.36,200,46.34,2000,46.33,21900,46.32,2500,46.39,300,46.4,1000,46.41,800,46.42,200,46.5,5100,HOLD
1780624170658,09:49:27,46.36,45.48,47.2,45.05,45.81,3383400.0,156360000.0,46.34,2000,46.33,21900,46.32,2500,46.31,200,46.3,100,46.36,900,46.37,100,46.38,600,46.39,800,46.4,1000,HOLD
1780624173659,09:49:30,46.34,45.48,47.2,45.05,45.81,3386400.0,156500000.0,46.33,21000,46.32,2500,46.31,200,46.3,100,46.26,2000,46.34,11100,46.35,600,46.36,3600,46.37,100,46.38,600,HOLD
1780624176673,09:49:33,46.33,45.48,47.2,45.05,45.81,3389200.0,156630000.0,46.33,18400,46.32,300,46.31,200,46.3,100,46.26,2000,46.34,20700,46.35,600,46.36,3800,46.37,200,46.38,600,HOLD
1780624179689,09:49:36,46.32,45.48,47.2,45.05,45.81,3396700.0,156980000.0,46.26,400,46.25,100,46.2,1100,46.19,1100,46.18,4700,46.32,400,46.33,3300,46.34,19900,46.35,600,46.36,1800,HOLD
1780624182692,09:49:39,46.26,45.48,47.2,45.05,45.81,3397100.0,157000000.0,46.26,2100,46.25,100,46.2,1100,46.19,1100,46.18,4700,46.32,400,46.33,7200,46.34,15600,46.35,600,46.36,1700,HOLD
1780624185708,09:49:42,46.31,45.48,47.2,45.05,45.81,3398700.0,157070000.0,46.26,1900,46.25,100,46.2,1100,46.19,1100,46.18,4700,46.31,100,46.32,200,46.33,6500,46.34,12900,46.36,1400,HOLD
1780624188722,09:49:45,46.26,45.48,47.2,45.05,45.81,3399300.0,157100000.0,46.26,1300,46.25,100,46.2,1100,46.19,1100,46.18,4700,46.3,100,46.31,100,46.32,7800,46.33,6100,46.34,3400,HOLD
1780624191739,09:49:48,46.29,45.48,47.2,45.05,45.81,3400200.0,157140000.0,46.26,1300,46.25,100,46.2,1100,46.19,1100,46.18,4700,46.29,700,46.3,100,46.32,7500,46.33,6100,46.34,3100,HOLD
1780624194748,09:49:51,46.29,45.48,47.2,45.05,45.81,3400200.0,157140000.0,46.26,2400,46.25,100,46.2,1100,46.19,1100,46.18,4700,46.29,900,46.3,10100,46.32,7500,46.33,3800,46.34,3100,HOLD
1780624197761,09:49:54,46.26,45.48,47.2,45.05,45.81,3402100.0,157230000.0,46.29,100,46.26,1700,46.25,100,46.2,1100,46.19,1100,46.3,10100,46.31,100,46.32,7500,46.33,3800,46.34,3100,HOLD
1780624200771,09:49:57,46.3,45.48,47.2,45.05,45.81,3408600.0,157530000.0,46.29,100,46.26,100,46.25,800,46.21,100,46.2,13500,46.3,6400,46.31,100,46.32,7500,46.33,3900,46.34,3100,HOLD
1780624203772,09:50:00,46.26,45.48,47.2,45.05,45.81,3410700.0,157630000.0,46.25,800,46.2,13500,46.19,1100,46.18,4700,46.16,1000,46.26,14300,46.29,100,46.3,6600,46.31,100,46.32,300,HOLD
1780624206780,09:50:03,46.25,45.48,47.2,45.05,45.81,3417200.0,157930000.0,46.2,13500,46.19,1100,46.18,4700,46.16,1000,46.14,500,46.25,900,46.26,8900,46.29,100,46.3,6800,46.31,100,HOLD
1780624209782,09:50:06,46.25,45.48,47.2,45.05,45.81,3417600.0,157950000.0,46.21,100,46.2,13300,46.19,1100,46.18,4700,46.16,1000,46.25,1000,46.26,8700,46.29,5100,46.3,6800,46.31,100,HOLD
1780624212788,09:50:09,46.24,45.48,47.2,45.05,45.81,3418200.0,157980000.0,46.21,100,46.2,13300,46.19,1100,46.18,4700,46.16,1000,46.24,400,46.25,1600,46.26,8700,46.29,5100,46.3,6800,HOLD
1780624215804,09:50:12,46.25,45.48,47.2,45.05,45.81,3433500.0,158680000.0,46.25,14300,46.21,100,46.2,13000,46.19,1100,46.18,4700,46.26,8700,46.29,5100,46.3,6800,46.31,100,46.32,300,HOLD
1780624218818,09:50:15,46.23,45.48,47.2,45.05,45.81,3449000.0,159400000.0,46.21,200,46.2,3700,46.19,1100,46.18,4700,46.16,1000,46.23,600,46.25,11100,46.26,8900,46.29,5100,46.3,6700,HOLD
1780624221825,09:50:18,46.2,45.48,47.2,45.05,45.81,3450000.0,159450000.0,46.19,1100,46.18,4700,46.16,1000,46.14,500,46.13,900,46.21,1500,46.22,700,46.25,11100,46.26,9000,46.28,500,HOLD
1780624224840,09:50:21,46.19,45.48,47.2,45.05,45.81,3455000.0,159680000.0,46.18,1100,46.16,1000,46.14,500,46.13,900,46.09,100,46.19,800,46.2,1200,46.21,1300,46.22,500,46.25,11100,HOLD
1780624227860,09:50:24,46.18,45.48,47.2,45.05,45.81,3455600.0,159710000.0,46.18,500,46.16,1000,46.14,500,46.13,900,46.09,100,46.19,1100,46.2,1200,46.21,1300,46.22,500,46.25,11100,HOLD
1780624230868,09:50:27,46.18,45.48,47.2,45.05,45.81,3456400.0,159740000.0,46.18,300,46.16,1000,46.14,500,46.13,900,46.09,100,46.19,2500,46.2,1200,46.21,1300,46.22,500,46.25,11100,HOLD
1780624233878,09:50:30,46.14,45.48,47.2,45.05,45.81,3457900.0,159810000.0,46.14,300,46.13,900,46.09,100,46.06,500,46.05,600,46.16,500,46.17,300,46.18,1000,46.19,2100,46.21,1200,HOLD
1780624236906,09:50:33,46.16,45.48,47.2,45.05,45.81,3458500.0,159840000.0,46.13,900,46.09,100,46.06,500,46.05,600,46.01,300,46.15,200,46.16,200,46.17,100,46.18,2000,46.19,2100,HOLD
1780624239921,09:50:36,46.13,45.48,47.2,45.05,45.81,3459400.0,159880000.0,46.11,2600,46.09,100,46.06,500,46.05,600,46.01,300,46.13,300,46.15,200,46.16,200,46.17,100,46.18,1000,HOLD
1780624242940,09:50:39,46.13,45.48,47.2,45.05,45.81,3461300.0,159970000.0,46.11,1700,46.09,100,46.06,500,46.05,600,46.01,300,46.15,200,46.16,200,46.17,100,46.18,1000,46.19,1600,HOLD
1780624245941,09:50:42,46.11,45.48,47.2,45.05,45.81,3462800.0,160040000.0,46.11,200,46.09,100,46.06,500,46.05,600,46.01,300,46.13,600,46.14,1400,46.15,1900,46.16,800,46.17,100,HOLD
1780624248956,09:50:45,46.09,45.48,47.2,45.05,45.81,3463100.0,160050000.0,46.06,500,46.05,600,46.01,300,46.0,7300,45.94,400,46.09,100,46.1,100,46.11,8600,46.12,400,46.13,700,HOLD
1780624251965,09:50:48,46.05,45.48,47.2,45.05,45.81,3464700.0,160120000.0,46.01,300,46.0,7900,45.94,400,45.9,3100,45.88,9900,46.06,1500,46.08,200,46.09,1100,46.11,8400,46.12,400,HOLD
1780624254964,09:50:51,46.05,45.48,47.2,45.05,45.81,3465500.0,160160000.0,46.01,300,46.0,7900,45.94,400,45.9,3100,45.88,9900,46.06,1200,46.08,200,46.09,1000,46.11,200,46.12,400,HOLD
1780624257968,09:50:54,46.01,45.48,47.2,45.05,45.81,3467700.0,160260000.0,46.0,7900,45.94,400,45.9,1100,45.88,9900,45.87,1000,46.01,200,46.06,500,46.08,200,46.09,1000,46.11,200,HOLD
1780624260977,09:50:57,46.0,45.48,47.2,45.05,45.81,3479300.0,160800000.0,46.0,400,45.94,400,45.9,1100,45.88,9900,45.87,1000,46.01,2400,46.08,200,46.09,1000,46.11,200,46.12,400,HOLD
1780624263988,09:51:00,46.01,45.48,47.2,45.05,45.81,3482700.0,160950000.0,45.94,1100,45.9,1100,45.88,10000,45.87,1000,45.86,1600,46.0,400,46.08,200,46.09,1000,46.11,200,46.12,400,HOLD
1780624266998,09:51:03,46.0,45.48,47.2,45.05,45.81,3486700.0,161140000.0,46.0,1700,45.97,500,45.94,3300,45.9,1100,45.88,10000,46.08,200,46.09,900,46.11,200,46.12,400,46.13,600,HOLD
1780624270009,09:51:06,46.0,45.48,47.2,45.05,45.81,3490800.0,161330000.0,46.0,100,45.97,500,45.94,3300,45.9,1100,45.88,10000,46.01,200,46.08,800,46.09,900,46.11,200,46.12,400,HOLD
1780624273013,09:51:09,46.0,45.48,47.2,45.05,45.81,3492000.0,161380000.0,45.97,500,45.94,3300,45.9,1100,45.88,10000,45.87,1000,46.0,700,46.01,900,46.08,600,46.09,300,46.11,200,HOLD
1780624276021,09:51:12,46.0,45.48,47.2,45.05,45.81,3492800.0,161420000.0,45.94,3300,45.9,1700,45.88,10000,45.87,1000,45.86,1600,46.0,2200,46.01,900,46.08,600,46.11,200,46.12,400,HOLD
1780624279036,09:51:15,46.0,45.48,47.2,45.05,45.81,3494800.0,161510000.0,45.95,100,45.94,3300,45.9,1700,45.88,10000,45.87,1000,46.0,400,46.01,900,46.08,600,46.11,200,46.12,400,HOLD
1780624282047,09:51:18,46.01,45.48,47.2,45.05,45.81,3499200.0,161710000.0,46.01,1800,46.0,1400,45.96,100,45.95,1100,45.94,3300,46.02,500,46.05,100,46.07,200,46.08,600,46.11,200,HOLD
1780624285060,09:51:21,46.02,45.48,47.2,45.05,45.81,3500600.0,161780000.0,46.03,100,46.02,1200,46.01,1900,46.0,2300,45.97,5000,46.05,100,46.07,200,46.08,300,46.11,200,46.12,400,HOLD
1780624288074,09:51:27,46.08,45.48,47.2,45.05,45.81,3501800.0,161830000.0,46.07,100,46.06,500,46.05,2400,46.04,100,46.03,1000,46.08,1000,46.12,400,46.13,500,46.14,500,46.16,600,HOLD
1780624294083,09:51:30,46.08,45.48,47.2,45.05,45.81,3504600.0,161960000.0,46.05,700,46.04,100,46.03,1000,46.02,600,46.01,1900,46.08,300,46.12,400,46.13,500,46.14,500,46.16,600,HOLD
1780624297091,09:51:33,46.05,45.48,47.2,45.05,45.81,3504800.0,161970000.0,46.05,800,46.04,100,46.03,1000,46.02,600,46.01,1900,46.07,100,46.08,500,46.12,400,46.13,500,46.14,500,HOLD
1780624300099,09:51:36,46.08,45.48,47.2,45.05,45.81,3505700.0,162010000.0,46.08,1200,46.05,800,46.04,100,46.03,1000,46.02,400,46.12,400,46.13,500,46.14,500,46.16,600,46.18,100,HOLD
1780624303113,09:51:39,46.08,45.48,47.2,45.05,45.81,3505700.0,162010000.0,46.09,100,46.08,1300,46.07,3100,46.05,800,46.04,100,46.12,400,46.13,500,46.14,500,46.16,600,46.18,100,HOLD
1780624306118,09:51:42,46.08,45.48,47.2,45.05,45.81,3506600.0,162050000.0,46.08,500,46.07,3100,46.05,1000,46.04,100,46.03,1000,46.09,700,46.11,300,46.12,600,46.13,500,46.14,500,HOLD
1780624309126,09:51:45,46.07,45.48,47.2,45.05,45.81,3509100.0,162170000.0,46.07,1300,46.05,1000,46.04,100,46.03,1000,46.02,400,46.08,2800,46.09,1300,46.11,300,46.12,600,46.16,600,HOLD
1780624312133,09:51:48,46.07,45.48,47.2,45.05,45.81,3514800.0,162430000.0,46.05,500,46.04,100,46.03,1000,46.02,400,46.01,1900,46.07,3100,46.08,1900,46.09,1300,46.11,300,46.12,600,HOLD
1780624315144,09:51:51,46.0,45.48,47.2,45.05,45.81,3522300.0,162780000.0,45.99,400,45.97,5000,45.96,100,45.95,1000,45.94,2800,46.0,6100,46.05,1000,46.06,1100,46.07,3100,46.08,1900,HOLD
1780624318157,09:51:54,46.0,45.48,47.2,45.05,45.81,3524900.0,162900000.0,45.98,100,45.97,5000,45.96,100,45.95,1000,45.94,2800,46.0,6600,46.05,1000,46.06,1100,46.07,2800,46.08,1500,HOLD
1780624321169,09:51:57,46.0,45.48,47.2,45.05,45.81,3532100.0,163230000.0,46.0,300,45.98,400,45.97,4900,45.96,100,45.95,1000,46.06,1100,46.07,2800,46.08,300,46.09,1300,46.1,200,HOLD
1780624324178,09:52:00,46.05,45.48,47.2,45.05,45.81,3532400.0,163240000.0,46.0,1600,45.98,400,45.97,4900,45.96,100,45.95,1000,46.05,700,46.06,1100,46.07,2800,46.08,100,46.09,1300,HOLD
1780624327190,09:52:03,45.97,45.48,47.2,45.05,45.81,3539400.0,163560000.0,45.97,2000,45.96,100,45.95,1000,45.94,2800,45.9,2300,45.98,1000,46.0,1300,46.03,900,46.05,2000,46.06,1100,HOLD
1780624330194,09:52:06,45.96,45.48,47.2,45.05,45.81,3544100.0,163780000.0,45.95,700,45.94,2800,45.9,2300,45.89,200,45.88,10000,45.97,2500,45.98,1900,46.0,8000,46.05,2000,46.06,800,HOLD
1780624333204,09:52:09,45.94,45.48,47.2,45.05,45.81,3547500.0,163930000.0,45.9,2300,45.88,10000,45.87,1000,45.86,1600,45.85,5700,45.95,1600,45.96,500,45.97,1500,45.98,1400,45.99,200,HOLD
1780624336217,09:52:12,45.88,45.48,47.2,45.05,45.81,3559400.0,164480000.0,45.88,400,45.87,1000,45.86,1600,45.85,5700,45.83,200,45.89,1700,45.9,1700,45.91,100,45.94,1000,45.95,1800,HOLD
1780624339225,09:52:15,45.85,45.48,47.2,45.05,45.81,3565300.0,164750000.0,45.85,3000,45.83,200,45.82,300,45.81,1700,45.8,16100,45.87,400,45.88,10900,45.89,1400,45.9,2600,45.91,100,HOLD
1780624342233,09:52:21,45.81,45.48,47.2,45.05,45.81,3570500.0,164990000.0,45.8,15500,45.79,2000,45.77,1500,45.76,5300,45.75,300,45.81,5000,45.82,2200,45.83,200,45.85,5700,45.86,300,HOLD
1780624348257,09:52:24,45.8,45.48,47.2,45.05,45.81,3582400.0,165530000.0,45.8,5900,45.79,2000,45.77,1500,45.76,5300,45.75,300,45.81,4600,45.82,2200,45.83,200,45.85,1600,45.86,300,HOLD
1780624351268,09:52:27,45.85,45.48,47.2,45.05,45.81,3594500.0,166090000.0,45.85,5000,45.84,1400,45.83,1900,45.82,1300,45.81,400,45.86,300,45.87,500,45.88,3400,45.91,100,45.94,500,HOLD
1780624354279,09:52:33,45.86,45.48,47.2,45.05,45.81,3598000.0,166250000.0,45.86,600,45.85,2900,45.84,1400,45.83,1900,45.82,700,45.87,500,45.88,1800,45.91,100,45.94,500,45.95,800,HOLD
1780624360286,09:52:36,45.86,45.48,47.2,45.05,45.81,3600700.0,166370000.0,45.86,1100,45.85,2900,45.84,1400,45.83,1900,45.82,700,45.88,1800,45.91,100,45.94,500,45.95,500,45.97,1000,HOLD
1780624363301,09:52:39,45.88,45.48,47.2,45.05,45.81,3603100.0,166480000.0,45.88,1900,45.86,5000,45.85,3100,45.84,1400,45.83,1900,45.94,500,45.95,100,45.98,600,45.99,200,46.0,6700,HOLD
1780624366318,09:52:42,45.88,45.48,47.2,45.05,45.81,3603100.0,166480000.0,45.88,2300,45.86,5600,45.85,3100,45.84,1400,45.83,1900,45.94,1100,45.95,100,45.98,600,45.99,200,46.0,6700,HOLD
1780624369326,09:52:45,45.88,45.48,47.2,45.05,45.81,3604000.0,166520000.0,45.88,2000,45.87,200,45.86,5500,45.85,3600,45.84,1400,45.94,1400,45.95,100,45.98,600,45.99,200,46.0,6700,HOLD
1780624372328,09:52:48,45.91,45.48,47.2,45.05,45.81,3604200.0,166530000.0,45.88,2600,45.87,900,45.86,5300,45.85,3600,45.84,1400,45.94,1800,45.95,100,45.98,600,45.99,700,46.0,6700,HOLD
1780624375343,09:52:51,45.95,45.48,47.2,45.05,45.81,3606100.0,166620000.0,45.95,1000,45.94,300,45.93,100,45.89,400,45.88,2400,45.98,600,45.99,700,46.0,6700,46.08,3700,46.1,200,HOLD
1780624378352,09:52:54,45.98,45.48,47.2,45.05,45.81,3607200.0,166670000.0,45.94,1800,45.93,100,45.89,300,45.88,3200,45.87,900,45.98,1300,45.99,700,46.0,6700,46.08,3700,46.1,200,HOLD
1780624381362,09:52:57,45.94,45.48,47.2,45.05,45.81,3609700.0,166790000.0,45.93,100,45.89,300,45.88,2600,45.87,900,45.86,4700,45.94,200,45.97,700,45.98,600,45.99,700,46.0,6700,HOLD
1780624384365,09:53:00,45.93,45.48,47.2,45.05,45.81,3612100.0,166900000.0,45.9,600,45.89,300,45.88,2600,45.87,900,45.86,4500,45.93,100,45.97,700,45.98,600,45.99,700,46.0,6700,HOLD
1780624387371,09:53:03,46.03,45.48,47.2,45.05,45.81,3625000.0,167490000.0,46.03,200,45.99,2000,45.98,200,45.94,11800,45.9,600,46.08,800,46.1,200,46.12,500,46.16,600,46.18,100,HOLD
1780624390376,09:53:06,46.07,45.48,47.2,45.05,45.81,3625300.0,167500000.0,46.03,200,45.99,2000,45.98,300,45.94,11900,45.93,800,46.07,200,46.08,900,46.1,200,46.12,500,46.16,600,HOLD
1780624393381,09:53:09,46.07,45.48,47.2,45.05,45.81,3625600.0,167520000.0,46.03,300,45.99,2000,45.98,300,45.94,11900,45.93,400,46.07,100,46.08,900,46.1,200,46.12,500,46.16,600,HOLD
1780624396396,09:53:12,46.08,45.48,47.2,45.05,45.81,3626700.0,167570000.0,46.09,3100,46.07,1400,46.03,200,45.99,2200,45.98,300,46.1,200,46.12,500,46.16,600,46.18,100,46.19,500,HOLD
1780624399407,09:53:15,46.09,45.48,47.2,45.05,45.81,3628900.0,167670000.0,46.09,900,46.07,500,46.03,200,46.0,500,45.99,2200,46.1,1800,46.12,500,46.16,600,46.18,100,46.19,500,HOLD
1780624402403,09:53:18,46.09,45.48,47.2,45.05,45.81,3631100.0,167770000.0,46.08,400,46.07,500,46.03,200,46.0,500,45.99,2200,46.09,300,46.1,1600,46.12,500,46.16,600,46.18,100,HOLD
1780624405410,09:53:21,46.08,45.48,47.2,45.05,45.81,3631800.0,167800000.0,46.07,800,46.03,200,46.0,500,45.99,2000,45.98,300,46.08,700,46.09,700,46.1,1600,46.12,500,46.16,600,HOLD
1780624408415,09:53:27,46.08,45.48,47.2,45.05,45.81,3633600.0,167890000.0,46.03,500,46.0,400,45.99,2000,45.98,300,45.94,11700,46.08,800,46.09,700,46.1,1600,46.11,10000,46.12,500,HOLD
1780624414434,09:53:30,46.03,45.48,47.2,45.05,45.81,3635400.0,167970000.0,46.0,400,45.99,1700,45.98,300,45.96,200,45.94,11700,46.03,800,46.04,400,46.07,1700,46.08,4400,46.09,700,HOLD
1780624417445,09:53:33,46.0,45.48,47.2,45.05,45.81,3636000.0,168000000.0,46.0,2100,45.99,1700,45.98,300,45.96,200,45.94,11700,46.03,600,46.04,400,46.06,400,46.07,1700,46.08,4600,HOLD
1780624420447,09:53:36,46.0,45.48,47.2,45.05,45.81,3638700.0,168120000.0,45.99,1800,45.98,300,45.96,200,45.94,11700,45.9,400,46.0,4500,46.03,900,46.06,400,46.07,1500,46.08,4500,HOLD
1780624423458,09:53:39,45.99,45.48,47.2,45.05,45.81,3640100.0,168190000.0,45.99,500,45.98,300,45.96,200,45.94,11100,45.9,400,46.0,6700,46.03,400,46.06,400,46.07,1300,46.08,3700,HOLD
1780624426466,09:53:42,45.97,45.48,47.2,45.05,45.81,3641100.0,168230000.0,45.96,200,45.94,11100,45.89,300,45.88,2500,45.87,900,45.97,1600,45.99,900,46.0,7800,46.03,400,46.06,400,HOLD
1780624429470,09:53:45,46.0,45.48,47.2,45.05,45.81,3648800.0,168590000.0,45.99,200,45.94,100,45.89,300,45.88,2500,45.87,900,46.0,5200,46.03,400,46.06,400,46.07,300,46.08,2600,HOLD
1780624432503,09:53:48,46.0,45.48,47.2,45.05,45.81,3654000.0,168820000.0,46.0,1700,45.99,1100,45.97,800,45.94,100,45.89,300,46.03,400,46.06,400,46.08,2600,46.1,1300,46.11,10000,HOLD
1780624435501,09:53:51,46.08,45.48,47.2,45.05,45.81,3657700.0,169000000.0,46.03,600,46.0,1700,45.99,1100,45.97,800,45.96,100,46.1,1300,46.11,10000,46.12,500,46.16,600,46.18,100,HOLD
1780624438510,09:53:54,45.99,45.48,47.2,45.05,45.81,3664500.0,169310000.0,45.96,100,45.95,300,45.94,100,45.89,300,45.88,2800,45.99,600,46.0,100,46.01,2600,46.02,1200,46.05,600,HOLD
1780624441522,09:53:57,46.0,45.48,47.2,45.05,45.81,3667000.0,169420000.0,46.0,300,45.99,1000,45.97,100,45.96,200,45.95,300,46.01,2600,46.02,1200,46.05,600,46.1,1300,46.11,10000,HOLD
1780624444529,09:54:03,46.06,45.48,47.2,45.05,45.81,3671700.0,169640000.0,46.06,1700,46.03,1400,46.02,1200,46.01,11000,46.0,1500,46.1,1300,46.11,10000,46.12,500,46.16,600,46.18,100,HOLD
1780624450546,09:54:06,46.1,45.48,47.2,45.05,45.81,3673700.0,169730000.0,46.08,500,46.06,1700,46.03,1400,46.02,1200,46.01,11000,46.09,100,46.1,600,46.11,10000,46.12,500,46.16,600,HOLD
1780624453553,09:54:12,46.1,45.48,47.2,45.05,45.81,3675000.0,169790000.0,46.09,600,46.08,500,46.07,100,46.06,1700,46.03,1400,46.1,400,46.11,10000,46.12,500,46.16,600,46.18,100,HOLD
1780624459564,09:54:15,46.16,45.48,47.2,45.05,45.81,3689500.0,170460000.0,46.16,300,46.1,800,46.09,100,46.08,500,46.07,100,46.18,100,46.19,600,46.2,400,46.29,100,46.3,2900,HOLD
1780624462570,09:54:18,46.18,45.48,47.2,45.05,45.81,3690900.0,170520000.0,46.1,700,46.09,1000,46.08,500,46.07,100,46.06,1700,46.19,500,46.2,400,46.29,300,46.3,5500,46.32,300,HOLD
1780624465568,09:54:21,46.18,45.48,47.2,45.05,45.81,3692200.0,170580000.0,46.18,1100,46.1,700,46.09,1000,46.08,500,46.07,100,46.19,2100,46.2,400,46.23,700,46.29,300,46.3,5500,HOLD
1780624468577,09:54:24,46.18,45.48,47.2,45.05,45.81,3702000.0,171040000.0,46.1,900,46.09,1000,46.08,500,46.07,100,46.06,1700,46.19,300,46.2,400,46.23,800,46.29,300,46.3,3000,HOLD
1780624471581,09:54:27,46.23,45.48,47.2,45.05,45.81,3712300.0,171510000.0,46.19,2300,46.18,600,46.12,2400,46.11,2300,46.1,700,46.23,100,46.29,300,46.3,3000,46.32,300,46.33,100,HOLD
1780624474586,09:54:33,46.29,45.48,47.2,45.05,45.81,3717800.0,171770000.0,46.29,2000,46.24,1100,46.23,1100,46.19,2300,46.18,500,46.3,100,46.32,300,46.33,100,46.34,1300,46.35,1000,HOLD
1780624480594,09:54:36,46.33,45.48,47.2,45.05,45.81,3722000.0,171960000.0,46.33,1900,46.32,1700,46.3,2400,46.29,2000,46.24,1100,46.34,100,46.35,200,46.36,2700,46.38,800,46.39,300,HOLD
1780624483605,09:54:42,46.38,45.48,47.2,45.05,45.81,3732000.0,172430000.0,46.38,900,46.37,800,46.35,500,46.34,500,46.33,700,46.39,200,46.4,200,46.41,500,46.42,100,46.49,1900,HOLD
1780624489618,09:54:45,46.43,45.48,47.2,45.05,45.81,3734900.0,172560000.0,46.43,4200,46.42,300,46.41,2800,46.4,3900,46.39,1200,46.47,200,46.49,1900,46.5,5700,46.55,1800,46.58,1100,HOLD
1780624492622,09:54:48,46.41,45.48,47.2,45.05,45.81,3741400.0,172860000.0,46.41,1300,46.4,4100,46.39,1200,46.38,3200,46.33,700,46.42,100,46.43,3000,46.44,200,46.45,200,46.46,900,HOLD
1780624495624,09:54:51,46.4,45.48,47.2,45.05,45.81,3746400.0,173090000.0,46.4,2200,46.39,1100,46.38,2600,46.33,700,46.32,1000,46.41,2800,46.42,100,46.43,3200,46.44,200,46.45,200,HOLD
1780624498630,09:54:54,46.4,45.48,47.2,45.05,45.81,3755100.0,173500000.0,46.33,1500,46.32,1000,46.3,1000,46.29,2700,46.25,200,46.4,1000,46.41,3100,46.42,100,46.43,3200,46.44,200,HOLD
1780624501636,09:55:00,46.33,45.48,47.2,45.05,45.81,3758000.0,173630000.0,46.33,1000,46.32,1000,46.3,1000,46.29,2700,46.25,200,46.37,700,46.38,900,46.39,2200,46.4,1200,46.41,2700,HOLD
1780624507658,09:55:06,46.35,45.48,47.2,45.05,45.81,3765400.0,173970000.0,46.34,1900,46.33,2100,46.32,300,46.29,2100,46.28,2500,46.35,100,46.36,300,46.37,2200,46.38,900,46.39,2300,HOLD
1780624513665,09:55:09,46.35,45.48,47.2,45.05,45.81,3767400.0,174070000.0,46.35,6800,46.34,1800,46.33,2100,46.32,300,46.29,2100,46.36,300,46.37,2200,46.38,900,46.39,500,46.4,1300,HOLD
1780624516673,09:55:12,46.41,45.48,47.2,45.05,45.81,3777300.0,174530000.0,46.39,1700,46.38,100,46.37,100,46.36,1300,46.35,6900,46.41,1200,46.43,800,46.45,200,46.49,1900,46.5,5400,HOLD
1780624519690,09:55:15,46.43,45.48,47.2,45.05,45.81,3779400.0,174620000.0,46.42,1000,46.41,700,46.4,100,46.39,2000,46.38,100,46.45,200,46.49,1900,46.5,5500,46.55,1800,46.58,1100,HOLD
1780624522690,09:55:18,46.42,45.48,47.2,45.05,45.81,3780500.0,174680000.0,46.41,200,46.4,100,46.39,2000,46.38,100,46.36,900,46.42,500,46.44,200,46.45,500,46.49,1900,46.5,5500,HOLD
1780624525705,09:55:21,46.43,45.48,47.2,45.05,45.81,3783700.0,174820000.0,46.42,900,46.4,200,46.39,500,46.36,900,46.35,5500,46.43,100,46.44,200,46.45,600,46.49,1900,46.5,4900,HOLD
1780624528716,09:55:24,46.39,45.48,47.2,45.05,45.81,3786400.0,174950000.0,46.37,100,46.36,900,46.35,5500,46.34,1400,46.33,2100,46.39,700,46.43,100,46.44,200,46.45,600,46.46,500,HOLD
1780624531729,09:55:27,46.37,45.48,47.2,45.05,45.81,3787600.0,175000000.0,46.36,600,46.35,5500,46.34,1400,46.33,2100,46.3,200,46.37,200,46.41,200,46.42,500,46.43,1500,46.44,200,HOLD
1780624534737,09:55:30,46.36,45.48,47.2,45.05,45.81,3788100.0,175030000.0,46.35,4300,46.34,100,46.3,200,46.27,1400,46.26,100,46.36,2000,46.37,400,46.41,200,46.42,500,46.43,1500,HOLD
1780624537750,09:55:33,46.36,45.48,47.2,45.05,45.81,3793700.0,175290000.0,46.34,100,46.3,200,46.27,1400,46.26,100,46.25,100,46.36,900,46.37,400,46.41,200,46.42,500,46.43,1500,HOLD
1780624540769,09:55:39,46.35,45.48,47.2,45.05,45.81,3796600.0,175420000.0,46.32,200,46.3,800,46.27,1400,46.26,100,46.25,100,46.35,100,46.36,400,46.37,400,46.41,200,46.42,500,HOLD
1780624546782,09:55:42,46.31,45.48,47.2,45.05,45.81,3796700.0,175430000.0,46.3,1100,46.27,1400,46.26,100,46.25,100,46.23,500,46.31,100,46.32,1000,46.35,100,46.36,400,46.37,400,HOLD
1780624549787,09:55:45,46.27,45.48,47.2,45.05,45.81,3799000.0,175530000.0,46.27,500,46.26,100,46.25,100,46.23,500,46.2,1200,46.28,1000,46.3,16100,46.31,100,46.32,1200,46.35,1000,HOLD
1780624552797,09:55:48,46.27,45.48,47.2,45.05,45.81,3799800.0,175570000.0,46.25,100,46.23,500,46.2,1200,46.18,500,46.08,100,46.27,1200,46.28,1000,46.3,16700,46.31,600,46.32,8900,HOLD
1780624555812,09:55:51,46.27,45.48,47.2,45.05,45.81,3801000.0,175630000.0,46.23,500,46.2,1200,46.18,500,46.08,100,46.03,1400,46.26,1100,46.27,400,46.28,1000,46.3,16300,46.31,700,HOLD
1780624558825,09:55:54,46.23,45.48,47.2,45.05,45.81,3801400.0,175640000.0,46.23,100,46.2,1300,46.18,500,46.08,100,46.03,1400,46.24,200,46.25,1000,46.26,1100,46.27,1100,46.28,1000,HOLD
1780624561837,09:56:00,46.19,45.48,47.2,45.05,45.81,3803700.0,175750000.0,46.18,600,46.08,100,46.03,1400,46.01,500,46.0,6600,46.19,500,46.23,1800,46.25,400,46.26,1100,46.27,1100,HOLD
1780624567846,09:56:03,46.25,45.48,47.2,45.05,45.81,3806700.0,175890000.0,46.22,900,46.21,1900,46.19,100,46.18,300,46.1,100,46.25,300,46.26,1100,46.27,500,46.31,700,46.32,8500,HOLD
1780624570867,09:56:09,46.27,45.48,47.2,45.05,45.81,3809600.0,176020000.0,46.26,1200,46.25,2400,46.23,700,46.21,1900,46.18,300,46.31,700,46.32,8500,46.35,1000,46.36,100,46.37,100,HOLD
1780624573879,09:56:12,46.37,45.48,47.2,45.05,45.81,3820000.0,176500000.0,46.34,1500,46.32,1500,46.31,900,46.27,100,46.26,1300,46.38,100,46.4,6500,46.42,600,46.43,300,46.45,800,HOLD
1780624576889,09:56:15,46.39,45.48,47.2,45.05,45.81,3820400.0,176520000.0,46.38,2400,46.34,1100,46.32,1500,46.31,400,46.28,200,46.4,6500,46.42,600,46.43,300,46.45,800,46.46,800,HOLD
1780624582917,09:56:18,46.4,45.48,47.2,45.05,45.81,3826900.0,176830000.0,46.4,400,46.38,4400,46.37,100,46.34,1100,46.32,1500,46.42,600,46.43,300,46.45,600,46.46,800,46.49,1900,HOLD
1780624585926,09:56:21,46.42,45.48,47.2,45.05,45.81,3828400.0,176890000.0,46.4,300,46.38,4500,46.34,800,46.32,1500,46.31,100,46.42,100,46.43,200,46.45,600,46.46,800,46.47,1800,HOLD
1780624588939,09:56:24,46.42,45.48,47.2,45.05,45.81,3829000.0,176920000.0,46.4,1400,46.38,4300,46.34,800,46.32,1500,46.31,100,46.41,100,46.42,400,46.43,200,46.45,300,46.46,800,HOLD
1780624591953,09:56:30,46.43,45.48,47.2,45.05,45.81,3831700.0,177050000.0,46.4,1400,46.38,2800,46.34,300,46.32,1500,46.31,100,46.42,100,46.43,500,46.44,200,46.45,300,46.46,800,HOLD
1780624597960,09:56:36,46.34,45.48,47.2,45.05,45.81,3839500.0,177410000.0,46.34,200,46.32,1500,46.31,100,46.28,200,46.27,100,46.4,7300,46.41,1700,46.42,100,46.43,2500,46.44,100,HOLD
1780624603982,09:56:39,46.39,45.48,47.2,45.05,45.81,3840000.0,177430000.0,46.32,1500,46.31,100,46.28,200,46.27,100,46.26,400,46.39,300,46.4,7300,46.41,1700,46.42,100,46.43,2600,HOLD
1780624606999,09:56:45,46.37,45.48,47.2,45.05,45.81,3858500.0,178290000.0,46.33,200,46.32,3000,46.31,100,46.28,200,46.27,100,46.4,1600,46.41,300,46.42,100,46.43,3300,46.44,100,HOLD
1780624613012,09:56:48,46.37,45.48,47.2,45.05,45.81,3858500.0,178290000.0,46.37,1000,46.33,300,46.32,3000,46.31,100,46.28,200,46.39,1000,46.4,1600,46.41,300,46.42,100,46.43,3300,HOLD
1780624616023,09:56:54,46.36,45.48,47.2,45.05,45.81,3860300.0,178370000.0,46.36,300,46.35,100,46.33,400,46.32,3000,46.31,100,46.38,200,46.39,1100,46.4,3900,46.41,300,46.42,100,HOLD
1780624619026,09:56:57,46.39,45.48,47.2,45.05,45.81,3861400.0,178430000.0,46.38,700,46.37,1700,46.36,800,46.35,100,46.33,400,46.39,600,46.4,3900,46.41,400,46.42,100,46.43,3300,HOLD
1780624622053,09:57:00,46.39,45.48,47.2,45.05,45.81,3863300.0,178510000.0,46.39,400,46.37,1200,46.36,500,46.35,100,46.33,400,46.4,4100,46.41,300,46.42,100,46.43,1300,46.44,100,HOLD
1780624625051,09:57:03,46.39,45.48,47.2,45.05,45.81,3864600.0,178570000.0,46.37,900,46.36,500,46.35,100,46.33,400,46.32,3000,46.4,7000,46.41,300,46.42,100,46.43,1300,46.44,100,HOLD
1780624628074,09:57:06,46.38,45.48,47.2,45.05,45.81,3867400.0,178700000.0,46.38,900,46.37,700,46.35,100,46.33,400,46.32,3000,46.39,600,46.4,4900,46.41,300,46.42,100,46.43,1300,HOLD
1780624634082,09:57:09,46.38,45.48,47.2,45.05,45.81,3868200.0,178740000.0,46.38,500,46.37,1200,46.35,100,46.33,400,46.32,3000,46.39,1100,46.4,4900,46.41,300,46.42,100,46.43,1800,HOLD
1780624637102,09:57:12,46.38,45.48,47.2,45.05,45.81,3869400.0,178800000.0,46.37,1200,46.35,100,46.33,400,46.32,3000,46.31,100,46.38,2700,46.39,1200,46.4,4900,46.41,300,46.42,1100,HOLD
1780624640107,09:57:15,46.38,45.48,47.2,45.05,45.81,3871400.0,178890000.0,46.37,700,46.35,100,46.33,200,46.32,3000,46.31,100,46.38,1200,46.39,1200,46.4,4900,46.41,300,46.42,1100,HOLD
1780624643110,09:57:18,46.4,45.48,47.2,45.05,45.81,3878300.0,179210000.0,46.37,1700,46.35,100,46.33,200,46.32,3000,46.31,100,46.4,600,46.41,300,46.42,1100,46.43,1800,46.44,100,HOLD
1780624646127,09:57:21,46.41,45.48,47.2,45.05,45.81,3879700.0,179270000.0,46.4,900,46.39,5100,46.38,200,46.37,1600,46.35,100,46.42,1100,46.43,1800,46.44,100,46.45,600,46.46,800,HOLD
1780624649125,09:57:27,46.4,45.48,47.2,45.05,45.81,3881800.0,179370000.0,46.4,600,46.39,5500,46.38,300,46.37,1600,46.35,100,46.41,200,46.42,400,46.43,1800,46.44,100,46.45,300,HOLD
1780624655143,09:57:33,46.4,45.48,47.2,45.05,45.81,3885000.0,179520000.0,46.41,100,46.4,14100,46.39,4100,46.38,400,46.37,1600,46.43,1600,46.44,100,46.45,300,46.47,1800,46.49,1900,HOLD
1780624658159,09:57:36,46.41,45.48,47.2,45.05,45.81,3885600.0,179550000.0,46.41,400,46.4,14100,46.39,600,46.38,400,46.37,1600,46.42,300,46.43,1600,46.44,100,46.45,300,46.47,1800,HOLD
1780624664185,09:57:39,46.4,45.48,47.2,45.05,45.81,3895100.0,179990000.0,46.4,6500,46.39,600,46.38,400,46.37,1600,46.35,100,46.41,3600,46.42,700,46.43,1600,46.44,100,46.45,300,HOLD
1780624667186,09:57:45,46.4,45.48,47.2,45.05,45.81,3903500.0,180380000.0,46.39,600,46.38,400,46.37,1600,46.35,100,46.33,200,46.41,4600,46.42,700,46.43,1700,46.44,100,46.45,300,HOLD
1780624673209,09:57:48,46.38,45.48,47.2,45.05,45.81,3904500.0,180430000.0,46.37,1600,46.35,100,46.33,200,46.32,3000,46.31,100,46.39,1100,46.4,1400,46.41,5000,46.42,700,46.43,1700,HOLD
1780624676212,09:57:51,46.37,45.48,47.2,45.05,45.81,3908100.0,180590000.0,46.35,100,46.33,200,46.32,1600,46.31,100,46.28,200,46.37,3500,46.39,700,46.4,1300,46.41,4800,46.42,500,HOLD
1780624679217,09:57:57,46.35,45.48,47.2,45.05,45.81,3909000.0,180630000.0,46.33,200,46.32,1600,46.31,100,46.28,200,46.26,100,46.34,200,46.35,800,46.36,200,46.37,3500,46.38,400,HOLD
1780624685235,09:58:03,46.39,45.48,47.2,45.05,45.81,3914000.0,180870000.0,46.39,3500,46.34,3100,46.33,100,46.32,1600,46.31,100,46.4,2700,46.41,3400,46.42,900,46.43,1700,46.44,100,HOLD
1780624691249,09:58:06,46.39,45.48,47.2,45.05,45.81,3916500.0,180980000.0,46.39,1100,46.34,3100,46.33,100,46.32,1500,46.31,100,46.4,2600,46.41,3400,46.42,900,46.43,1700,46.44,100,HOLD
1780624694256,09:58:12,46.38,45.48,47.2,45.05,45.81,3918800.0,181090000.0,46.37,300,46.35,300,46.34,3100,46.33,100,46.32,1500,46.38,700,46.39,700,46.4,10700,46.41,3400,46.42,900,HOLD
1780624700267,09:58:15,46.39,45.48,47.2,45.05,45.81,3921000.0,181190000.0,46.37,300,46.35,300,46.34,3100,46.33,100,46.32,1500,46.38,300,46.39,300,46.4,10400,46.41,3400,46.42,900,HOLD
1780624703284,09:58:21,46.37,45.48,47.2,45.05,45.81,3925900.0,181420000.0,46.36,500,46.35,300,46.34,3100,46.33,100,46.32,1500,46.37,2000,46.39,1100,46.4,9800,46.41,3400,46.42,900,HOLD
1780624706288,09:58:24,46.39,45.48,47.2,45.05,45.81,3929300.0,181580000.0,46.38,3800,46.37,600,46.36,100,46.35,300,46.34,2600,46.39,100,46.4,9900,46.41,3400,46.42,900,46.43,1600,HOLD
1780624712290,09:58:27,46.4,45.48,47.2,45.05,45.81,3930700.0,181640000.0,46.38,3500,46.37,400,46.36,100,46.35,300,46.34,2600,46.39,200,46.4,8900,46.41,3400,46.42,900,46.43,1600,HOLD
1780624715300,09:58:33,46.39,45.48,47.2,45.05,45.81,3932500.0,181720000.0,46.39,3200,46.38,8300,46.37,400,46.36,600,46.35,300,46.4,9700,46.41,4300,46.42,900,46.43,1600,46.44,100,HOLD
1780624721313,09:58:36,46.4,45.48,47.2,45.05,45.81,3932800.0,181740000.0,46.39,3100,46.38,8300,46.37,400,46.36,500,46.35,300,46.4,9700,46.41,4300,46.42,900,46.43,1600,46.44,100,HOLD
1780624724319,09:58:39,46.4,45.48,47.2,45.05,45.81,3933600.0,181770000.0,46.39,3100,46.38,8300,46.37,400,46.36,500,46.35,300,46.4,10000,46.41,4300,46.42,900,46.43,1600,46.44,100,HOLD
1780624727325,09:58:45,46.4,45.48,47.2,45.05,45.81,3936400.0,181900000.0,46.39,900,46.38,5100,46.37,400,46.36,500,46.35,300,46.4,10900,46.41,4300,46.42,900,46.43,1600,46.44,100,HOLD
1780624730336,09:58:48,46.39,45.48,47.2,45.05,45.81,3937000.0,181930000.0,46.39,600,46.38,5100,46.37,400,46.36,500,46.35,300,46.4,10900,46.41,4300,46.42,1100,46.43,1600,46.44,100,HOLD
1780624736351,09:58:54,46.33,45.48,47.2,45.05,45.81,3946900.0,182390000.0,46.32,1500,46.31,600,46.28,300,46.26,600,46.25,1700,46.35,500,46.36,5000,46.37,700,46.39,200,46.4,10400,HOLD
1780624739360,09:58:57,46.31,45.48,47.2,45.05,45.81,3949000.0,182490000.0,46.28,300,46.26,600,46.25,1700,46.23,600,46.22,500,46.34,900,46.35,1200,46.36,5000,46.37,500,46.39,400,HOLD
1780624742375,09:59:00,46.28,45.48,47.2,45.05,45.81,3949200.0,182500000.0,46.28,100,46.26,600,46.25,1700,46.23,600,46.22,500,46.31,100,46.32,1500,46.34,900,46.35,1200,46.36,5000,HOLD
1780624748397,09:59:03,46.25,45.48,47.2,45.05,45.81,3950900.0,182580000.0,46.25,700,46.23,500,46.22,500,46.18,200,46.16,100,46.29,100,46.3,100,46.31,100,46.32,1500,46.34,800,HOLD
1780624751409,09:59:06,46.25,45.48,47.2,45.05,45.81,3952100.0,182630000.0,46.23,600,46.22,500,46.18,200,46.16,100,46.11,200,46.25,100,46.27,200,46.29,100,46.3,100,46.31,100,HOLD
1780624754410,09:59:12,46.11,45.48,47.2,45.05,45.81,3956600.0,182840000.0,46.1,100,46.09,300,46.06,100,46.02,700,46.01,500,46.14,1000,46.16,2200,46.17,1400,46.18,600,46.23,1000,HOLD
1780624757414,09:59:15,46.1,45.48,47.2,45.05,45.81,3957100.0,182860000.0,46.09,300,46.06,100,46.02,700,46.01,500,46.0,9500,46.1,2900,46.14,700,46.17,1400,46.18,100,46.23,1000,HOLD
1780624760427,09:59:18,46.09,45.48,47.2,45.05,45.81,3959700.0,182980000.0,46.05,1200,46.02,2600,46.01,1000,46.0,10200,45.99,1200,46.08,300,46.09,100,46.1,1000,46.14,700,46.17,1400,HOLD
1780624763450,09:59:21,46.05,45.48,47.2,45.05,45.81,3959900.0,182990000.0,46.05,1100,46.02,2600,46.01,1000,46.0,9000,45.99,1200,46.08,500,46.09,200,46.1,1000,46.12,100,46.14,700,HOLD
1780624769465,09:59:24,46.07,45.48,47.2,45.05,45.81,3960800.0,183030000.0,46.06,100,46.05,600,46.02,2600,46.01,1000,46.0,9000,46.07,1500,46.08,500,46.09,200,46.1,1000,46.12,100,HOLD
1780624772477,09:59:27,46.07,45.48,47.2,45.05,45.81,3962700.0,183120000.0,46.06,100,46.05,200,46.02,2600,46.01,1000,46.0,9200,46.07,200,46.08,500,46.09,200,46.1,1000,46.12,100,HOLD
1780624775475,09:59:33,46.09,45.48,47.2,45.05,45.81,3976700.0,183770000.0,46.08,400,46.07,7500,46.06,500,46.05,1500,46.03,1300,46.1,1000,46.12,100,46.17,1400,46.24,100,46.29,600,HOLD
1780624778477,09:59:36,46.09,45.48,47.2,45.05,45.81,3977600.0,183810000.0,46.08,2100,46.07,7900,46.06,500,46.05,1500,46.03,1300,46.1,1000,46.12,100,46.17,1400,46.24,100,46.29,600,HOLD
1780624781495,09:59:39,46.1,45.48,47.2,45.05,45.81,3979300.0,183890000.0,46.08,2200,46.07,8600,46.06,500,46.05,1500,46.03,1300,46.1,300,46.12,100,46.17,1400,46.24,100,46.29,600,HOLD
1780624787518,09:59:45,46.12,45.48,47.2,45.05,45.81,3980200.0,183930000.0,46.17,1600,46.13,300,46.12,2500,46.11,700,46.1,800,46.22,500,46.23,700,46.24,100,46.28,700,46.29,600,HOLD
1780624790523,09:59:48,46.22,45.48,47.2,45.05,45.81,3980400.0,183940000.0,46.18,100,46.17,900,46.14,6400,46.13,300,46.12,3200,46.22,300,46.23,700,46.24,100,46.28,700,46.29,100,HOLD
1780624793534,09:59:51,46.22,45.48,47.2,45.05,45.81,3980500.0,183940000.0,46.18,100,46.17,900,46.14,6400,46.13,300,46.12,3200,46.22,200,46.23,700,46.24,100,46.28,700,46.29,100,HOLD
1780624796546,09:59:54,46.22,45.48,47.2,45.05,45.81,3980700.0,183950000.0,46.22,100,46.18,200,46.17,300,46.14,6400,46.12,3200,46.23,700,46.24,100,46.28,700,46.29,100,46.3,100,HOLD
1780624799557,09:59:57,46.22,45.48,47.2,45.05,45.81,3980700.0,183950000.0,46.22,300,46.18,200,46.17,100,46.14,6400,46.12,2500,46.23,700,46.24,100,46.28,700,46.29,100,46.3,100,HOLD
1780624805578,10:00:03,46.14,45.48,47.2,45.05,45.81,3982900.0,184050000.0,46.14,5400,46.12,2500,46.11,1300,46.1,2000,46.08,5400,46.15,800,46.17,900,46.23,600,46.24,100,46.25,100,HOLD
1780624808588,10:00:06,46.14,45.48,47.2,45.05,45.81,3988300.0,184300000.0,46.12,2700,46.11,1300,46.1,2000,46.08,5400,46.07,6000,46.14,100,46.15,500,46.17,900,46.22,700,46.23,600,HOLD
1780624811597,10:00:09,46.14,45.48,47.2,45.05,45.81,3989200.0,184340000.0,46.12,2700,46.11,1300,46.1,2000,46.08,5400,46.07,6000,46.13,100,46.14,400,46.15,400,46.17,900,46.22,700,HOLD
1780624814603,10:00:12,46.1,45.48,47.2,45.05,45.81,3994500.0,184590000.0,46.1,1700,46.08,5500,46.07,6000,46.06,400,46.05,2000,46.11,100,46.12,5000,46.13,100,46.14,400,46.15,400,HOLD
1780624817604,10:00:15,46.08,45.48,47.2,45.05,45.81,3997500.0,184730000.0,46.08,4200,46.07,6000,46.06,400,46.05,2000,46.03,100,46.09,100,46.1,2600,46.11,200,46.12,4400,46.13,100,HOLD
1780624820620,10:00:18,46.1,45.48,47.2,45.05,45.81,4003200.0,184990000.0,46.1,400,46.09,5600,46.08,3800,46.07,6000,46.06,400,46.11,200,46.12,1800,46.13,100,46.15,400,46.22,700,HOLD
1780624823631,10:00:21,46.13,45.48,47.2,45.05,45.81,4006400.0,185140000.0,46.13,4300,46.11,200,46.1,700,46.09,5600,46.08,3800,46.15,400,46.22,700,46.23,500,46.24,100,46.25,100,HOLD
1780624826645,10:00:24,46.13,45.48,47.2,45.05,45.81,4006700.0,185150000.0,46.13,4000,46.11,200,46.1,700,46.09,5700,46.08,3800,46.15,1200,46.22,700,46.23,500,46.24,100,46.25,100,HOLD
1780624829657,10:00:27,46.15,45.48,47.2,45.05,45.81,4007700.0,185200000.0,46.13,4000,46.11,200,46.1,900,46.09,5800,46.08,4000,46.14,300,46.15,200,46.22,700,46.23,500,46.24,100,HOLD
1780624835685,10:00:33,46.1,45.48,47.2,45.05,45.81,4013500.0,185460000.0,46.09,5800,46.08,2500,46.07,6000,46.06,400,46.05,1500,46.1,600,46.11,200,46.13,3400,46.14,500,46.15,200,HOLD
1780624838689,10:00:36,46.1,45.48,47.2,45.05,45.81,4014300.0,185500000.0,46.1,900,46.09,6800,46.08,2500,46.07,6000,46.06,400,46.11,100,46.13,3900,46.14,500,46.15,200,46.22,700,HOLD
1780624841696,10:00:39,46.1,45.48,47.2,45.05,45.81,4014300.0,185500000.0,46.1,2000,46.09,6800,46.08,4900,46.07,6000,46.06,1300,46.11,200,46.13,3900,46.14,500,46.15,200,46.22,700,HOLD
1780624847714,10:00:42,46.11,45.48,47.2,45.05,45.81,4014800.0,185520000.0,46.1,3100,46.09,6800,46.08,4900,46.07,6000,46.06,1300,46.13,3900,46.14,500,46.22,700,46.23,500,46.24,100,HOLD
1780624850719,10:00:48,46.11,45.48,47.2,45.05,45.81,4016900.0,185620000.0,46.12,100,46.11,100,46.1,3300,46.09,6800,46.08,5400,46.13,2800,46.14,500,46.23,500,46.24,100,46.25,100,HOLD
1780624853736,10:00:51,46.13,45.48,47.2,45.05,45.81,4017100.0,185630000.0,46.12,100,46.1,3300,46.09,6800,46.08,5400,46.07,6000,46.13,2600,46.14,500,46.23,500,46.24,100,46.25,100,HOLD
1780624856748,10:00:54,46.11,45.48,47.2,45.05,45.81,4017500.0,185650000.0,46.11,200,46.1,3300,46.09,6100,46.08,5400,46.07,6000,46.12,600,46.13,2400,46.14,500,46.23,500,46.24,100,HOLD
1780624859761,10:00:57,46.08,45.48,47.2,45.05,45.81,4034200.0,186420000.0,46.07,5800,46.06,1400,46.05,1500,46.03,100,46.02,800,46.08,1600,46.09,8400,46.1,200,46.11,200,46.13,2300,HOLD
1780624862770,10:01:00,46.07,45.48,47.2,45.05,45.81,4035800.0,186490000.0,46.07,4300,46.06,1400,46.05,1500,46.03,100,46.02,800,46.08,1700,46.09,8400,46.1,200,46.11,400,46.13,1200,HOLD
1780624865775,10:01:03,46.05,45.48,47.2,45.05,45.81,4043500.0,186850000.0,46.05,1100,46.03,100,46.02,800,46.01,500,46.0,14800,46.08,300,46.09,8500,46.1,200,46.11,600,46.13,800,HOLD
1780624871788,10:01:09,46.09,45.48,47.2,45.05,45.81,4053000.0,187280000.0,46.02,800,46.01,500,46.0,14600,45.99,1200,45.98,100,46.07,1600,46.09,5000,46.1,200,46.11,400,46.13,500,HOLD
