local_time_ms,server_time,price,open,high,low,prev_close,cum_volume,cum_amount,bp1,bv1,bp2,bv2,bp3,bv3,bp4,bv4,bp5,bv5,sp1,sv1,sp2,sv2,sp3,sv3,sp4,sv4,sp5,sv5,signal
1780277402254,09:29:33,47.96,47.96,47.96,47.96,48.03,34700.0,1660000.0,47.9,500,47.75,500,47.53,100,47.5,300,47.48,1000,47.96,500,47.98,1000,47.99,6100,48.0,5100,48.01,1400,HOLD
1780277405270,09:30:03,47.72,47.96,48.0,47.48,48.03,95700.0,4570000.0,47.63,100,47.54,100,47.53,100,47.5,2700,47.49,2100,47.72,100,47.75,800,47.78,100,47.88,2000,47.9,10500,HOLD
1780277408272,09:30:06,47.81,47.96,48.0,47.48,48.03,109200.0,5220000.0,47.78,10300,47.73,1200,47.72,4100,47.63,1400,47.56,1000,47.88,1600,47.9,18900,47.93,15400,47.94,2000,47.95,2400,HOLD
1780277411274,09:30:09,47.88,47.96,48.0,47.48,48.03,137400.0,6570000.0,47.88,1900,47.83,100,47.79,3100,47.78,3900,47.73,1300,47.93,15300,47.94,2000,47.95,2900,47.96,2200,47.97,400,HOLD
1780277414279,09:30:12,47.96,47.96,48.0,47.48,48.03,156900.0,7500000.0,47.95,7000,47.94,400,47.93,3700,47.92,1700,47.89,1400,47.96,1900,47.97,400,47.98,5400,47.99,200,48.0,3800,HOLD
1780277417280,09:30:15,48.01,47.96,48.06,47.48,48.03,173900.0,8320000.0,48.01,1800,48.0,1200,47.99,400,47.98,800,47.97,1900,48.09,2300,48.1,2800,48.25,600,48.5,3800,48.54,200,HOLD
1780277420284,09:30:18,48.09,47.96,48.11,47.48,48.03,180800.0,8650000.0,48.18,200,48.09,11900,48.03,600,48.02,8000,48.01,1400,48.25,600,48.5,3800,48.54,200,48.58,100,48.6,200,HOLD
1780277423303,09:30:21,48.27,47.96,48.35,47.48,48.03,197000.0,9430000.0,48.11,400,48.09,2300,48.02,7400,48.01,1400,48.0,1200,48.18,1200,48.5,3800,48.54,200,48.58,100,48.6,200,HOLD
1780277426302,09:30:24,48.05,47.96,48.35,47.48,48.03,208100.0,9960000.0,48.02,4600,48.01,1400,48.0,100,47.98,800,47.97,3500,48.05,1300,48.06,29600,48.11,13100,48.16,400,48.18,2200,HOLD
1780277429309,09:30:27,47.95,47.96,48.35,47.48,48.03,238700.0,11430000.0,47.93,2400,47.88,3600,47.78,1200,47.76,100,47.73,1300,47.95,1800,47.97,9300,47.98,1500,48.01,100,48.02,34600,HOLD
1780277435313,09:30:33,47.65,47.96,48.35,47.48,48.03,256600.0,12290000.0,47.63,500,47.57,900,47.53,600,47.51,1400,47.5,1000,47.65,1600,47.72,1200,47.73,13200,47.74,1600,47.76,100,HOLD
1780277438329,09:30:36,47.58,47.96,48.35,47.48,48.03,265000.0,12690000.0,47.53,2400,47.51,1400,47.5,1000,47.49,100,47.48,1000,47.55,1900,47.58,3500,47.59,1600,47.63,13000,47.64,400,HOLD
1780277441336,09:30:39,47.53,47.96,48.35,47.48,48.03,283100.0,13550000.0,47.5,900,47.48,1000,47.45,700,47.31,300,47.3,200,47.53,9800,47.58,900,47.59,1600,47.6,200,47.63,13400,HOLD
1780277447345,09:30:42,47.53,47.96,48.35,47.48,48.03,299300.0,14320000.0,47.51,100,47.5,1300,47.48,1000,47.45,700,47.31,300,47.52,2800,47.53,2000,47.63,4000,47.76,100,47.78,3500,HOLD
1780277450355,09:30:48,47.64,47.96,48.35,47.48,48.03,313200.0,14980000.0,47.64,1700,47.63,4800,47.61,1900,47.57,3200,47.53,14000,47.76,100,47.78,3100,47.8,100,47.9,100,47.93,1200,HOLD
1780277453364,09:30:51,47.61,47.96,48.35,47.48,48.03,324300.0,15510000.0,47.71,2500,47.69,3700,47.67,4800,47.65,400,47.64,100,47.78,2200,47.8,100,47.9,100,47.93,1200,48.01,100,HOLD
1780277456368,09:30:54,47.76,47.96,48.35,47.48,48.03,331300.0,15840000.0,47.81,900,47.78,200,47.76,1600,47.75,200,47.74,800,47.9,100,47.93,1400,48.01,100,48.02,500,48.08,300,HOLD
1780277462378,09:31:00,47.86,47.96,48.35,47.48,48.03,335600.0,16050000.0,47.81,800,47.79,400,47.78,600,47.77,1200,47.76,1800,47.86,2800,47.87,1600,47.92,22400,47.93,600,48.01,100,HOLD
1780277465387,09:31:03,47.79,47.96,48.35,47.48,48.03,341000.0,16310000.0,47.78,4200,47.77,1200,47.76,1800,47.74,800,47.72,200,47.79,200,47.81,10700,47.85,2100,47.86,1300,47.87,1600,HOLD
1780277468401,09:31:06,47.78,47.96,48.35,47.48,48.03,375100.0,17940000.0,47.71,1300,47.69,1500,47.67,600,47.64,1800,47.61,1200,47.78,1200,47.85,2000,47.86,1200,47.92,1000,47.93,200,HOLD
1780277471414,09:31:09,47.79,47.96,48.35,47.48,48.03,380100.0,18170000.0,47.78,1300,47.76,800,47.75,900,47.74,700,47.72,800,47.79,500,47.81,3000,47.85,2000,47.86,1500,47.92,1000,HOLD
1780277474424,09:31:12,47.79,47.96,48.35,47.48,48.03,388200.0,18560000.0,47.81,700,47.79,300,47.78,3600,47.76,900,47.75,900,47.85,3400,47.86,1500,47.92,1000,47.93,200,48.01,100,HOLD
1780277477432,09:31:15,47.81,47.96,48.35,47.48,48.03,394600.0,18870000.0,47.8,400,47.78,2200,47.76,1100,47.75,900,47.74,700,47.81,1400,47.84,2500,47.85,1500,47.86,1500,47.92,1000,HOLD
1780277483453,09:31:21,47.7,47.96,48.35,47.48,48.03,408000.0,19510000.0,47.68,400,47.66,1400,47.65,200,47.64,600,47.63,100,47.7,2100,47.72,0,47.73,400,47.74,5100,47.78,3000,HOLD
1780277486464,09:31:24,47.73,47.96,48.35,47.48,48.03,413300.0,19760000.0,47.7,200,47.69,700,47.68,1000,47.66,1400,47.64,1300,47.73,100,47.74,1200,47.78,3000,47.79,700,47.8,400,HOLD
1780277492488,09:31:30,47.63,47.96,48.35,47.48,48.03,426400.0,20380000.0,47.56,2500,47.53,11400,47.52,1100,47.51,100,47.5,2500,47.64,300,47.65,400,47.66,3000,47.67,500,47.68,3100,HOLD
1780277498497,09:31:33,47.48,47.96,48.35,47.48,48.03,446700.0,21350000.0,47.47,300,47.46,400,47.45,300,47.38,1700,47.28,100,47.48,3300,47.5,200,47.53,900,47.54,1600,47.56,900,HOLD
1780277501499,09:31:36,47.48,47.96,48.35,47.29,48.03,457500.0,21860000.0,47.38,200,47.33,100,47.31,400,47.3,800,47.29,200,47.48,2500,47.5,200,47.53,1000,47.54,1600,47.56,3200,HOLD
1780277504508,09:31:42,47.35,47.96,48.35,47.22,48.03,468600.0,22390000.0,47.24,1100,47.22,1600,47.2,200,47.12,100,47.1,1100,47.37,100,47.38,4500,47.45,400,47.46,100,47.47,1600,HOLD
1780277507517,09:31:45,47.32,47.96,48.35,47.22,48.03,471800.0,22540000.0,47.23,300,47.22,200,47.2,200,47.12,100,47.1,1100,47.24,400,47.32,39900,47.37,700,47.38,3500,47.46,100,HOLD
1780277510516,09:31:48,47.26,47.96,48.35,47.12,48.03,477600.0,22810000.0,47.26,2700,47.14,700,47.13,100,47.12,100,47.1,1100,47.3,300,47.31,1500,47.32,39900,47.35,1400,47.37,700,HOLD
1780277513524,09:31:51,47.13,47.96,48.35,47.12,48.03,488800.0,23340000.0,47.28,200,47.25,400,47.15,300,47.14,800,47.13,700,47.29,500,47.3,200,47.31,1400,47.32,39900,47.35,1700,HOLD
1780277516539,09:31:54,47.25,47.96,48.35,47.12,48.03,489700.0,23380000.0,47.25,500,47.23,1000,47.22,800,47.15,400,47.14,800,47.28,400,47.3,3200,47.31,1400,47.32,40500,47.35,300,HOLD
1780277519555,09:31:57,47.28,47.96,48.35,47.12,48.03,491200.0,23450000.0,47.23,600,47.22,800,47.16,100,47.15,400,47.14,700,47.25,300,47.26,1700,47.28,2500,47.29,2200,47.3,3000,HOLD
1780277522561,09:32:00,47.22,47.96,48.35,47.12,48.03,495000.0,23630000.0,47.16,100,47.15,400,47.14,700,47.13,400,47.12,100,47.25,3400,47.26,1700,47.28,2500,47.29,2200,47.3,3000,HOLD
1780277525565,09:32:03,47.18,47.96,48.35,47.12,48.03,532100.0,25380000.0,47.17,200,47.16,1100,47.15,300,47.14,1200,47.13,600,47.22,100,47.23,3000,47.24,100,47.25,600,47.26,500,HOLD
1780277531575,09:32:09,47.11,47.96,48.35,47.1,48.03,555700.0,26500000.0,47.04,100,47.03,1300,47.02,5400,47.01,5300,47.0,14600,47.11,600,47.12,800,47.17,500,47.21,700,47.23,1000,HOLD
1780277534579,09:32:12,47.11,47.96,48.35,47.05,48.03,557500.0,26580000.0,47.05,200,47.04,200,47.03,1300,47.02,5400,47.01,5300,47.11,100,47.12,800,47.17,2200,47.21,700,47.22,2000,HOLD
1780277537580,09:32:15,47.09,47.96,48.35,47.01,48.03,585100.0,27880000.0,47.01,4800,47.0,14500,46.96,4600,46.95,100,46.91,100,47.09,1100,47.1,1600,47.11,400,47.12,800,47.17,42900,HOLD
1780277540589,09:32:18,47.05,47.96,48.35,47.01,48.03,590900.0,28150000.0,47.06,6300,47.02,200,47.01,5000,47.0,15300,46.96,4600,47.07,1800,47.08,1400,47.09,1000,47.1,1600,47.11,7300,HOLD
1780277543603,09:32:21,47.09,47.96,48.35,47.01,48.03,601600.0,28660000.0,47.09,4000,47.07,12000,47.06,6500,47.04,700,47.01,5000,47.11,5100,47.12,800,47.17,42500,47.2,1600,47.21,400,HOLD
1780277546615,09:32:24,47.05,47.96,48.35,47.01,48.03,642100.0,30560000.0,47.03,100,47.02,500,47.01,3200,47.0,15400,46.96,4600,47.14,1300,47.15,1100,47.16,1300,47.17,42400,47.2,1600,HOLD
1780277549621,09:32:27,47.17,47.96,48.35,47.01,48.03,651100.0,30990000.0,47.11,1200,47.1,1100,47.09,900,47.08,900,47.07,900,47.17,42300,47.2,1600,47.21,100,47.22,2000,47.23,1000,HOLD
1780277555639,09:32:33,47.28,47.96,48.35,47.01,48.03,744100.0,35370000.0,47.28,400,47.25,1000,47.17,33800,47.15,1100,47.13,100,47.33,200,47.34,200,47.35,400,47.36,200,47.37,1600,HOLD
1780277558648,09:32:36,47.28,47.96,48.35,47.01,48.03,745300.0,35430000.0,47.26,300,47.25,1100,47.17,34300,47.15,1100,47.12,800,47.32,200,47.33,400,47.34,1200,47.35,200,47.38,2100,HOLD
1780277561652,09:32:39,47.3,47.96,48.35,47.01,48.03,751600.0,35730000.0,47.31,300,47.3,3600,47.28,700,47.27,1200,47.25,1100,47.38,500,47.47,100,47.48,100,47.5,100,47.53,700,HOLD
1780277567674,09:32:42,47.4,47.96,48.35,47.01,48.03,756500.0,35960000.0,47.4,400,47.39,100,47.38,11400,47.36,100,47.35,15000,47.48,100,47.5,100,47.53,700,47.7,129300,47.75,200,HOLD
1780277570676,09:32:48,47.49,47.96,48.35,47.01,48.03,760400.0,36150000.0,47.49,600,47.42,8200,47.41,100,47.4,1600,47.39,900,47.53,700,47.7,125300,47.75,200,47.78,3000,47.8,200,HOLD
1780277573679,09:32:51,47.43,47.96,48.35,47.01,48.03,763900.0,36310000.0,47.44,100,47.42,8200,47.41,100,47.4,700,47.39,600,47.49,900,47.5,700,47.53,400,47.7,125300,47.73,300,HOLD
1780277576685,09:32:54,47.42,47.96,48.35,47.01,48.03,765500.0,36390000.0,47.42,100,47.41,100,47.4,1000,47.39,800,47.38,12400,47.45,800,47.46,100,47.47,900,47.48,300,47.49,300,HOLD
1780277579729,09:32:57,47.43,47.96,48.35,47.01,48.03,790900.0,37590000.0,47.42,200,47.41,100,47.4,1200,47.39,800,47.38,1100,47.43,1400,47.44,600,47.48,6400,47.49,300,47.53,400,HOLD
1780277585716,09:33:00,47.3,47.96,48.35,47.01,48.03,813000.0,38640000.0,47.17,600,47.15,1100,47.12,700,47.11,100,47.1,2600,47.3,300,47.31,100,47.32,4100,47.33,300,47.38,200,HOLD
1780277588724,09:33:06,47.27,47.96,48.35,47.01,48.03,818700.0,38910000.0,47.24,1300,47.19,100,47.18,300,47.17,1100,47.15,1100,47.27,100,47.32,200,47.38,100,47.41,300,47.42,100,HOLD
1780277591731,09:33:09,47.3,47.96,48.35,47.01,48.03,820300.0,38990000.0,47.3,100,47.27,1300,47.26,100,47.25,1000,47.24,1400,47.31,2800,47.32,200,47.38,100,47.41,300,47.42,300,HOLD
1780277594736,09:33:12,47.3,47.96,48.35,47.01,48.03,823300.0,39130000.0,47.3,800,47.27,100,47.26,100,47.25,300,47.24,1400,47.31,4100,47.32,200,47.38,100,47.41,300,47.42,100,HOLD
1780277597745,09:33:15,47.3,47.96,48.35,47.01,48.03,827200.0,39310000.0,47.27,100,47.26,100,47.25,300,47.24,1400,47.18,300,47.3,3400,47.31,4100,47.32,200,47.38,100,47.41,300,HOLD
1780277600761,09:33:18,47.3,47.96,48.35,47.01,48.03,835300.0,39690000.0,47.3,600,47.27,2200,47.25,400,47.24,200,47.18,300,47.31,3300,47.32,100,47.38,100,47.41,300,47.42,100,HOLD
1780277603768,09:33:21,47.27,47.96,48.35,47.01,48.03,837300.0,39790000.0,47.3,100,47.27,2600,47.26,200,47.25,400,47.24,200,47.31,1900,47.32,100,47.36,200,47.38,200,47.41,300,HOLD
1780277606773,09:33:24,47.31,47.96,48.35,47.01,48.03,839900.0,39910000.0,47.31,100,47.27,2600,47.26,200,47.25,400,47.24,200,47.32,100,47.36,300,47.38,200,47.41,300,47.42,100,HOLD
1780277612787,09:33:30,47.32,47.96,48.35,47.01,48.03,841700.0,40000000.0,47.33,800,47.32,1300,47.31,100,47.27,8500,47.26,200,47.38,300,47.41,300,47.42,100,47.43,3000,47.44,600,HOLD
1780277615795,09:33:33,47.31,47.96,48.35,47.01,48.03,844700.0,40140000.0,47.27,8900,47.25,300,47.24,200,47.2,500,47.18,300,47.31,1400,47.32,16700,47.33,1200,47.37,100,47.38,400,HOLD
1780277618799,09:33:36,47.27,47.96,48.35,47.01,48.03,854500.0,40600000.0,47.24,200,47.2,500,47.18,300,47.17,700,47.15,2100,47.27,600,47.3,100,47.31,100,47.32,17000,47.33,1300,HOLD
1780277624825,09:33:42,47.18,47.96,48.35,47.01,48.03,858200.0,40780000.0,47.17,600,47.15,2100,47.12,400,47.11,1900,47.1,3200,47.18,400,47.21,400,47.22,500,47.23,400,47.24,200,HOLD
1780277630842,09:33:48,47.11,47.96,48.35,47.01,48.03,866100.0,41150000.0,47.11,100,47.1,3200,47.09,1400,47.08,100,47.07,1200,47.12,300,47.13,400,47.14,200,47.15,600,47.17,1500,HOLD
1780277633845,09:33:51,47.11,47.96,48.35,47.01,48.03,873900.0,41520000.0,47.1,2000,47.09,1400,47.08,100,47.07,1200,47.05,2100,47.11,1400,47.12,100,47.13,400,47.14,200,47.15,600,HOLD
1780277636856,09:33:54,47.1,47.96,48.35,47.01,48.03,876200.0,41630000.0,47.1,2500,47.09,1200,47.08,100,47.07,1200,47.05,2100,47.11,500,47.12,100,47.13,400,47.14,200,47.15,600,HOLD
1780277639860,09:33:57,47.09,47.96,48.35,47.01,48.03,888700.0,42210000.0,47.02,2100,47.01,4700,47.0,23500,46.98,800,46.97,1000,47.04,100,47.09,100,47.1,5600,47.11,128600,47.15,600,HOLD
1780277642873,09:34:00,46.86,47.96,48.35,46.86,48.03,928100.0,44070000.0,46.86,1300,46.83,1000,46.82,100,46.8,2600,46.78,100,46.88,100,46.9,33700,46.97,2800,46.98,1000,47.0,22800,HOLD
1780277645879,09:34:03,46.86,47.96,48.35,46.83,48.03,937100.0,44490000.0,46.84,800,46.83,200,46.82,100,46.8,2700,46.78,100,46.89,500,46.9,32200,46.97,2800,47.0,22500,47.02,4100,HOLD
1780277648888,09:34:06,46.91,47.96,48.35,46.83,48.03,975200.0,46270000.0,46.91,500,46.89,1000,46.88,900,46.85,2400,46.84,3700,47.02,4100,47.04,500,47.08,1400,47.09,1900,47.1,25800,HOLD
1780277654910,09:34:12,46.89,47.96,48.35,46.83,48.03,993300.0,47120000.0,46.85,1300,46.84,2200,46.83,200,46.82,100,46.8,2500,46.9,1100,46.91,4400,46.97,600,46.98,400,46.99,1000,HOLD
1780277657922,09:34:15,46.84,47.96,48.35,46.83,48.03,997500.0,47320000.0,46.84,400,46.83,200,46.82,100,46.8,2500,46.78,100,46.85,1100,46.88,600,46.89,16500,46.9,300,46.91,4800,HOLD
1780277660929,09:34:18,46.83,47.96,48.35,46.8,48.03,1003600.0,47610000.0,46.81,800,46.8,3800,46.78,100,46.75,100,46.69,100,46.83,400,46.84,2800,46.85,4200,46.88,600,46.89,16900,HOLD
1780277663938,09:34:21,46.83,47.96,48.35,46.8,48.03,1004900.0,47670000.0,46.83,1600,46.82,800,46.81,800,46.8,4000,46.78,1100,46.84,8400,46.85,4200,46.88,200,46.89,16900,46.91,2700,HOLD
1780277666939,09:34:24,46.8,47.96,48.35,46.78,48.03,1016000.0,48190000.0,46.78,200,46.76,300,46.75,100,46.69,100,46.66,200,46.8,100,46.81,2200,46.83,900,46.84,8300,46.85,4100,HOLD
1780277669953,09:34:27,46.73,47.96,48.35,46.6,48.03,1020900.0,48420000.0,46.65,1700,46.64,700,46.63,600,46.62,1400,46.61,4200,46.73,100,46.77,100,46.78,2400,46.81,2100,46.82,200,HOLD
1780277672968,09:34:30,46.73,47.96,48.35,46.6,48.03,1022300.0,48480000.0,46.72,1400,46.7,300,46.65,2200,46.63,300,46.62,1700,46.77,100,46.78,1600,46.81,2100,46.82,1200,46.83,3200,HOLD
1780277675980,09:34:33,46.7,47.96,48.35,46.6,48.03,1024900.0,48600000.0,46.7,200,46.66,1000,46.65,1800,46.63,300,46.62,1700,46.72,1100,46.77,100,46.78,1300,46.81,2100,46.82,1200,HOLD
1780277678989,09:34:36,46.72,47.96,48.35,46.6,48.03,1026200.0,48660000.0,46.7,100,46.68,200,46.67,300,46.66,1000,46.65,1800,46.72,2300,46.78,1300,46.81,2100,46.82,1200,46.83,2600,HOLD
1780277681995,09:34:39,46.76,47.96,48.35,46.6,48.03,1030400.0,48860000.0,46.72,3200,46.7,1100,46.69,100,46.68,200,46.67,300,46.77,200,46.78,1300,46.81,2500,46.82,1000,46.83,2600,HOLD
1780277685002,09:34:42,46.72,47.96,48.35,46.6,48.03,1032800.0,48970000.0,46.72,1300,46.7,1400,46.69,100,46.68,200,46.67,300,46.76,100,46.77,1000,46.78,1300,46.81,2500,46.82,1000,HOLD
1780277688007,09:34:45,46.67,47.96,48.35,46.6,48.03,1040600.0,49340000.0,46.66,1000,46.65,1300,46.63,300,46.62,1300,46.61,3900,46.67,13600,46.72,2200,46.75,100,46.77,800,46.78,1300,HOLD
1780277691014,09:34:48,46.67,47.96,48.35,46.6,48.03,1046900.0,49630000.0,46.6,200,46.59,500,46.57,100,46.55,400,46.52,100,46.66,300,46.67,11400,46.72,4100,46.75,100,46.76,7000,HOLD
1780277694029,09:34:51,46.67,47.96,48.35,46.6,48.03,1049400.0,49750000.0,46.6,100,46.59,500,46.57,100,46.55,400,46.52,100,46.67,9400,46.72,4100,46.75,100,46.76,7500,46.77,800,HOLD
1780277697042,09:34:54,46.65,47.96,48.35,46.6,48.03,1053300.0,49930000.0,46.61,100,46.6,100,46.59,500,46.57,100,46.55,400,46.65,1000,46.66,5200,46.67,9400,46.72,2500,46.75,100,HOLD
1780277700060,09:34:57,46.61,47.96,48.35,46.59,48.03,1057200.0,50110000.0,46.59,400,46.57,100,46.55,400,46.53,600,46.52,100,46.6,1000,46.61,1100,46.66,3400,46.67,9600,46.7,700,HOLD
1780277703060,09:35:00,46.59,47.96,48.35,46.59,48.03,1068100.0,50620000.0,46.58,400,46.57,500,46.55,400,46.53,600,46.52,100,46.59,2400,46.61,4600,46.64,1200,46.65,100,46.66,2600,HOLD
1780277706068,09:35:03,46.58,47.96,48.35,46.58,48.03,1075100.0,50940000.0,46.59,200,46.58,200,46.57,500,46.55,400,46.53,600,46.6,300,46.61,5100,46.64,1200,46.65,100,46.66,2600,HOLD
1780277709075,09:35:06,46.53,47.96,48.35,46.52,48.03,1078300.0,51090000.0,46.51,5300,46.5,18200,46.49,200,46.48,1600,46.3,700,46.53,300,46.55,500,46.56,1500,46.57,800,46.58,9500,HOLD
1780277715092,09:35:12,46.48,47.96,48.35,46.46,48.03,1108200.0,52480000.0,46.39,1200,46.32,300,46.31,500,46.3,700,46.28,100,46.48,700,46.5,1000,46.51,2600,46.52,4200,46.53,1000,HOLD
1780277718108,09:35:15,46.46,47.96,48.35,46.39,48.03,1113000.0,52700000.0,46.4,100,46.39,600,46.35,900,46.33,200,46.31,500,46.51,3300,46.52,4200,46.53,1500,46.57,800,46.58,12700,HOLD
1780277721120,09:35:18,46.46,47.96,48.35,46.33,48.03,1117000.0,52890000.0,46.4,100,46.36,100,46.31,500,46.3,700,46.28,1500,46.46,900,46.48,400,46.49,1000,46.51,4100,46.52,4200,HOLD
1780277724119,09:35:21,46.46,47.96,48.35,46.33,48.03,1125300.0,53280000.0,46.44,100,46.4,500,46.36,100,46.31,500,46.3,700,46.46,500,46.48,1800,46.51,3700,46.52,4200,46.53,1000,HOLD
1780277727121,09:35:24,46.46,47.96,48.35,46.33,48.03,1139600.0,53940000.0,46.45,100,46.44,2500,46.41,400,46.4,600,46.39,100,46.46,600,46.51,2700,46.52,4200,46.53,1000,46.56,300,HOLD
1780277730130,09:35:27,46.53,47.96,48.35,46.33,48.03,1157500.0,54770000.0,46.49,100,46.48,400,46.47,300,46.46,8300,46.45,900,46.53,900,46.56,300,46.57,800,46.58,13000,46.59,3600,HOLD
1780277733142,09:35:30,46.45,47.96,48.35,46.33,48.03,1181300.0,55880000.0,46.5,100,46.46,100,46.45,5800,46.44,100,46.41,100,46.58,6000,46.59,3600,46.6,200,46.61,500,46.64,1200,HOLD
1780277736146,09:35:33,46.58,47.96,48.35,46.33,48.03,1184200.0,56010000.0,46.51,1700,46.5,400,46.46,300,46.45,2700,46.44,100,46.58,4800,46.59,3600,46.6,200,46.61,500,46.64,1200,HOLD
1780277739163,09:35:36,46.57,47.96,48.35,46.33,48.03,1187800.0,56180000.0,46.52,200,46.51,2300,46.5,300,46.46,1300,46.45,1500,46.57,700,46.58,4800,46.59,3000,46.6,200,46.61,500,HOLD
1780277742169,09:35:39,46.64,47.96,48.35,46.33,48.03,1200100.0,56750000.0,46.64,1100,46.61,4100,46.58,2300,46.57,11400,46.53,300,46.72,800,46.75,100,46.76,500,46.78,1200,46.8,600,HOLD
1780277745188,09:35:42,46.57,47.96,48.35,46.33,48.03,1212500.0,57330000.0,46.65,100,46.6,400,46.58,200,46.57,6400,46.53,300,46.78,1200,46.8,600,46.81,1700,46.83,1200,46.89,100,HOLD
1780277748184,09:35:45,46.66,47.96,48.35,46.33,48.03,1213000.0,57360000.0,46.66,300,46.65,1500,46.58,200,46.57,1000,46.53,300,46.78,1000,46.8,600,46.81,1700,46.83,1200,46.89,100,HOLD
1780277751198,09:35:48,46.7,47.96,48.35,46.33,48.03,1218000.0,57590000.0,46.66,700,46.65,1700,46.57,2000,46.53,300,46.52,400,46.82,300,46.83,1100,46.89,100,46.91,200,46.98,300,HOLD
1780277754210,09:35:51,46.76,47.96,48.35,46.28,48.03,1247200.0,58950000.0,46.66,1500,46.57,800,46.55,1100,46.5,100,46.45,700,46.74,400,46.75,500,46.76,900,46.8,300,46.81,100,HOLD
1780277757223,09:35:54,46.8,47.96,48.35,46.28,48.03,1253400.0,59240000.0,46.74,1000,46.7,100,46.67,700,46.66,1500,46.6,1800,46.79,500,46.8,1400,46.81,100,46.82,1200,46.83,700,HOLD
1780277763241,09:36:00,46.83,47.96,48.35,46.28,48.03,1266600.0,59860000.0,46.83,1200,46.82,1100,46.81,400,46.8,900,46.79,5400,46.86,200,46.87,200,46.88,2100,46.89,400,46.91,200,HOLD
1780277766245,09:36:03,46.83,47.96,48.35,46.28,48.03,1272200.0,60120000.0,46.85,100,46.84,400,46.83,1000,46.82,2300,46.81,600,46.87,100,46.88,2200,46.89,400,46.91,200,46.98,300,HOLD
1780277769259,09:36:06,46.81,47.96,48.35,46.28,48.03,1278700.0,60420000.0,46.8,700,46.79,1600,46.74,2200,46.7,500,46.67,300,46.81,200,46.83,100,46.85,600,46.87,300,46.88,400,HOLD
1780277772272,09:36:09,46.8,47.96,48.35,46.28,48.03,1309500.0,61870000.0,46.8,500,46.79,1600,46.74,2200,46.71,200,46.7,500,46.88,200,46.89,100,46.9,400,46.91,200,46.98,300,HOLD
1780277775291,09:36:12,46.8,47.96,48.35,46.28,48.03,1315500.0,62150000.0,46.79,800,46.74,2200,46.71,200,46.7,400,46.67,300,46.86,300,46.87,300,46.88,100,46.89,400,46.91,200,HOLD
1780277778301,09:36:15,46.85,47.96,48.35,46.28,48.03,1319000.0,62310000.0,46.85,400,46.83,1000,46.81,100,46.79,800,46.74,2100,46.86,700,46.87,300,46.91,200,46.98,300,47.0,200,HOLD
1780277781306,09:36:18,46.85,47.96,48.35,46.28,48.03,1320700.0,62390000.0,46.81,100,46.79,800,46.74,2100,46.71,200,46.7,400,46.85,600,46.86,700,46.91,200,46.98,300,47.0,200,HOLD
1780277784316,09:36:21,46.79,47.96,48.35,46.28,48.03,1324700.0,62580000.0,46.77,100,46.76,1100,46.75,100,46.74,1900,46.71,200,46.9,500,46.91,200,46.97,100,46.98,300,47.0,700,HOLD
1780277787324,09:36:24,46.9,47.96,48.35,46.28,48.03,1326500.0,62660000.0,46.88,200,46.86,900,46.85,1400,46.83,700,46.79,400,46.9,100,46.91,200,46.97,100,46.98,300,47.0,700,HOLD
1780277790328,09:36:27,46.88,47.96,48.35,46.28,48.03,1326900.0,62680000.0,46.88,200,46.86,900,46.85,1300,46.84,100,46.83,700,46.89,700,46.9,100,46.91,200,46.97,100,46.98,300,HOLD
1780277793339,09:36:30,46.9,47.96,48.35,46.28,48.03,1330100.0,62830000.0,46.92,200,46.9,3000,46.88,100,46.86,500,46.85,1400,46.97,100,46.98,300,47.0,1700,47.06,1600,47.1,500,HOLD
1780277796338,09:36:33,47.09,47.96,48.35,46.28,48.03,1348200.0,63680000.0,47.06,16200,46.97,400,46.92,100,46.88,500,46.86,500,47.09,300,47.1,500,47.11,127500,47.18,400,47.22,100,HOLD
1780277799349,09:36:36,47.43,47.96,48.35,46.28,48.03,1482800.0,70030000.0,47.43,200,47.39,400,47.27,8100,47.22,100,47.18,2900,47.46,300,47.47,100,47.48,1400,47.5,14500,47.65,100,HOLD
1780277802365,09:36:39,47.18,47.96,48.35,46.28,48.03,1490600.0,70400000.0,47.29,300,47.19,300,47.18,1300,47.09,1100,47.07,500,47.41,300,47.43,1000,47.45,600,47.47,100,47.48,1400,HOLD
1780277805377,09:36:42,47.48,47.96,48.35,46.28,48.03,1494900.0,70600000.0,47.51,400,47.5,1200,47.49,800,47.48,700,47.41,1100,47.61,300,47.62,400,47.63,400,47.64,500,47.66,600,HOLD
1780277808381,09:36:45,47.41,47.96,48.35,46.28,48.03,1500400.0,70860000.0,47.41,1500,47.38,1100,47.37,300,47.29,600,47.13,500,47.48,100,47.5,4200,47.61,300,47.63,400,47.64,500,HOLD
1780277811388,09:36:48,47.41,47.96,48.35,46.28,48.03,1504400.0,71050000.0,47.37,200,47.29,600,47.18,100,47.13,500,47.09,800,47.47,1300,47.48,200,47.5,4200,47.51,200,47.61,100,HOLD
1780277814400,09:36:51,47.5,47.96,48.35,46.28,48.03,1510700.0,71350000.0,47.37,1500,47.29,600,47.18,100,47.13,500,47.09,800,47.44,200,47.45,500,47.46,300,47.49,100,47.5,11600,HOLD
1780277817406,09:36:54,47.3,47.96,48.35,46.28,48.03,1514300.0,71520000.0,47.29,600,47.18,100,47.15,200,47.13,500,47.09,800,47.35,800,47.41,700,47.44,200,47.47,3500,47.48,100,HOLD
1780277820423,09:36:57,47.35,47.96,48.35,46.28,48.03,1515000.0,71550000.0,47.3,100,47.29,600,47.18,100,47.15,200,47.13,500,47.34,100,47.37,500,47.41,700,47.44,100,47.46,100,HOLD
1780277823430,09:37:00,47.29,47.96,48.35,46.28,48.03,1516000.0,71600000.0,47.18,100,47.15,200,47.13,500,47.09,800,47.07,200,47.22,500,47.29,2000,47.3,2200,47.33,200,47.34,200,HOLD
1780277826432,09:37:03,47.3,47.96,48.35,46.28,48.03,1516400.0,71620000.0,47.22,100,47.18,200,47.15,200,47.09,900,47.07,200,47.28,200,47.29,800,47.3,2100,47.33,200,47.34,200,HOLD
1780277829445,09:37:06,47.17,47.96,48.35,46.28,48.03,1519100.0,71750000.0,47.1,100,47.09,900,47.07,200,47.06,200,47.0,1100,47.16,1100,47.22,200,47.33,200,47.34,100,47.37,100,HOLD
1780277832458,09:37:09,47.15,47.96,48.35,46.28,48.03,1521100.0,71840000.0,47.11,200,47.09,1000,47.06,200,47.0,1100,46.97,1200,47.15,400,47.16,300,47.17,1200,47.18,1200,47.22,1300,HOLD
1780277835474,09:37:12,47.11,47.96,48.35,46.28,48.03,1523300.0,71940000.0,47.11,100,47.1,300,47.09,1000,47.06,200,47.0,1100,47.15,200,47.16,300,47.17,1500,47.18,1200,47.22,1300,HOLD
1780277838477,09:37:15,47.06,47.96,48.35,46.28,48.03,1524900.0,72020000.0,47.0,1200,46.97,1200,46.89,200,46.88,500,46.85,600,47.06,800,47.07,100,47.09,1300,47.1,100,47.11,1100,HOLD
1780277841483,09:37:18,47.04,47.96,48.35,46.28,48.03,1528700.0,72200000.0,46.9,100,46.89,400,46.88,500,46.85,600,46.81,100,47.03,100,47.04,300,47.05,200,47.06,800,47.1,100,HOLD
1780277844498,09:37:21,46.97,47.96,48.35,46.28,48.03,1529600.0,72240000.0,46.92,600,46.91,600,46.9,1100,46.89,400,46.88,500,46.96,200,46.97,4000,47.0,400,47.04,300,47.05,100,HOLD
1780277847496,09:37:24,46.97,47.96,48.35,46.28,48.03,1540700.0,72760000.0,46.93,1400,46.92,600,46.91,600,46.9,1000,46.89,400,46.99,1900,47.0,8600,47.02,400,47.04,1500,47.05,100,HOLD
1780277850507,09:37:27,46.91,47.96,48.35,46.28,48.03,1545100.0,72970000.0,46.91,200,46.9,1000,46.89,200,46.88,500,46.85,600,46.92,900,46.97,100,46.98,400,46.99,1500,47.0,8600,HOLD
1780277853785,09:37:30,46.88,47.96,48.35,46.28,48.03,1551700.0,73280000.0,46.88,400,46.85,600,46.81,100,46.8,1000,46.79,800,46.9,800,46.91,700,46.93,600,46.98,200,47.0,9100,HOLD
1780277856533,09:37:33,46.88,47.96,48.35,46.28,48.03,1552900.0,73330000.0,46.85,600,46.81,100,46.8,1000,46.79,800,46.78,1000,46.88,700,46.9,800,46.93,400,46.98,200,47.0,9100,HOLD
1780277859539,09:37:36,46.85,47.96,48.35,46.28,48.03,1554100.0,73390000.0,46.8,1400,46.79,800,46.78,1000,46.75,100,46.74,1900,46.85,1200,46.86,200,46.87,400,46.88,1100,46.91,1900,HOLD
1780277862542,09:37:39,46.85,47.96,48.35,46.28,48.03,1554100.0,73390000.0,46.8,1400,46.79,800,46.78,1000,46.75,100,46.74,1900,46.84,400,46.85,1200,46.86,200,46.87,400,46.88,3100,HOLD
1780277865550,09:37:42,46.84,47.96,48.35,46.28,48.03,1556000.0,73480000.0,46.8,900,46.79,800,46.78,1000,46.75,100,46.74,1900,46.85,1200,46.86,400,46.88,1000,46.91,1900,46.93,200,HOLD
1780277868560,09:37:45,46.78,47.96,48.35,46.28,48.03,1558600.0,73600000.0,46.78,800,46.75,100,46.74,1900,46.73,200,46.71,200,46.83,300,46.84,400,46.85,1700,46.86,400,46.88,800,HOLD
1780277871571,09:37:48,46.74,47.96,48.35,46.28,48.03,1560800.0,73700000.0,46.74,700,46.73,200,46.71,200,46.7,1200,46.66,1100,46.76,1700,46.77,200,46.78,2000,46.79,100,46.8,200,HOLD
1780277874586,09:37:51,46.73,47.96,48.35,46.28,48.03,1562100.0,73770000.0,46.71,200,46.7,1200,46.66,1100,46.6,2300,46.59,5800,46.74,1300,46.75,100,46.76,1500,46.77,400,46.78,2100,HOLD
1780277877600,09:37:54,46.71,47.96,48.35,46.28,48.03,1562800.0,73800000.0,46.7,1200,46.66,1100,46.6,2300,46.59,5800,46.58,300,46.71,600,46.74,600,46.77,400,46.78,1900,46.79,100,HOLD
1780277880614,09:37:57,46.5,47.96,48.35,46.28,48.03,1579400.0,74570000.0,46.5,1100,46.49,100,46.46,500,46.45,700,46.43,300,46.62,100,46.63,600,46.68,900,46.69,600,46.7,3400,HOLD
1780277883614,09:38:00,46.6,47.96,48.35,46.28,48.03,1580500.0,74620000.0,46.52,100,46.51,200,46.5,800,46.49,100,46.46,500,46.6,400,46.61,1100,46.62,200,46.63,600,46.68,300,HOLD
1780277886622,09:38:03,46.53,47.96,48.35,46.28,48.03,1581600.0,74670000.0,46.53,200,46.52,2800,46.51,100,46.5,800,46.49,100,46.6,200,46.63,600,46.68,300,46.69,200,46.7,3400,HOLD
1780277889629,09:38:06,46.54,47.96,48.35,46.28,48.03,1585000.0,74830000.0,46.53,500,46.52,600,46.51,100,46.5,1000,46.49,100,46.67,600,46.68,300,46.69,200,46.7,3600,46.71,700,HOLD
1780277892643,09:38:09,46.6,47.96,48.35,46.28,48.03,1586300.0,74890000.0,46.54,100,46.53,1700,46.52,600,46.51,100,46.5,1000,46.67,600,46.68,300,46.69,200,46.7,3600,46.71,700,HOLD
1780277895659,09:38:12,46.66,47.96,48.35,46.28,48.03,1587300.0,74940000.0,46.6,200,46.58,100,46.55,100,46.54,1800,46.53,2600,46.67,600,46.68,300,46.69,200,46.7,3600,46.74,500,HOLD
1780277898666,09:38:15,46.6,47.96,48.35,46.28,48.03,1588100.0,74980000.0,46.67,100,46.62,2000,46.6,900,46.57,100,46.55,200,46.68,300,46.69,200,46.7,3600,46.74,500,46.78,1300,HOLD
1780277901684,09:38:18,46.67,47.96,48.35,46.28,48.03,1593900.0,75250000.0,46.67,0,46.62,1200,46.6,1200,46.57,100,46.55,600,46.74,500,46.78,1200,46.79,100,46.82,200,46.83,300,HOLD
1780277904692,09:38:21,46.62,47.96,48.35,46.28,48.03,1594500.0,75280000.0,46.7,1600,46.67,100,46.62,800,46.6,3200,46.57,100,46.74,400,46.78,800,46.79,100,46.82,200,46.83,300,HOLD
1780277907705,09:38:24,46.7,47.96,48.35,46.28,48.03,1600800.0,75570000.0,46.74,700,46.7,1500,46.63,200,46.62,800,46.6,4100,46.76,1900,46.78,800,46.79,100,46.82,200,46.83,300,HOLD
1780277910720,09:38:27,46.76,47.96,48.35,46.28,48.03,1604000.0,75720000.0,46.74,100,46.71,200,46.7,1600,46.69,100,46.62,800,46.76,1300,46.78,800,46.79,100,46.82,200,46.83,300,HOLD
1780277913730,09:38:30,46.79,47.96,48.35,46.28,48.03,1606600.0,75840000.0,46.74,500,46.71,200,46.7,1600,46.69,100,46.62,1000,46.76,100,46.82,200,46.85,500,46.88,1000,46.93,200,HOLD
1780277916744,09:38:33,46.7,47.96,48.35,46.28,48.03,1611700.0,76080000.0,46.76,200,46.71,800,46.7,1700,46.62,1000,46.6,5700,46.81,100,46.82,200,46.85,500,46.88,1000,46.93,200,HOLD
1780277919759,09:38:36,46.82,47.96,48.35,46.28,48.03,1611900.0,76090000.0,46.77,1200,46.76,3300,46.71,800,46.7,300,46.62,1000,46.82,100,46.85,500,46.88,1000,46.93,200,46.95,100,HOLD
1780277922770,09:38:39,46.85,47.96,48.35,46.28,48.03,1614500.0,76210000.0,46.85,7500,46.82,1700,46.78,200,46.77,1300,46.76,3500,46.87,100,46.88,1000,46.93,200,46.95,100,46.98,500,HOLD
1780277925783,09:38:42,46.85,47.96,48.35,46.28,48.03,1622800.0,76600000.0,46.85,1500,46.82,3500,46.78,200,46.77,1300,46.76,3500,46.93,200,46.95,100,46.98,500,47.0,9200,47.04,300,HOLD
1780277928787,09:38:45,46.85,47.96,48.35,46.28,48.03,1622800.0,76600000.0,46.88,100,46.87,500,46.86,100,46.85,1800,46.82,200,46.93,200,46.95,100,46.98,500,47.0,9200,47.04,300,HOLD
1780277931798,09:38:48,46.93,47.96,48.35,46.28,48.03,1625100.0,76710000.0,46.93,1200,46.88,100,46.87,200,46.86,400,46.85,1500,46.95,100,46.98,500,47.0,9200,47.04,300,47.1,200,HOLD
1780277934806,09:38:51,46.93,47.96,48.35,46.28,48.03,1626700.0,76790000.0,46.88,100,46.87,200,46.86,400,46.85,600,46.82,100,46.91,200,46.92,1200,46.93,3700,46.94,200,46.95,500,HOLD
1780277937818,09:38:54,46.81,47.96,48.35,46.28,48.03,1628700.0,76880000.0,46.78,200,46.77,100,46.76,3500,46.71,600,46.7,1100,46.81,100,46.82,500,46.86,300,46.87,300,46.88,1600,HOLD
1780277940828,09:38:57,46.78,47.96,48.35,46.28,48.03,1630000.0,76940000.0,46.78,100,46.77,100,46.76,3500,46.71,600,46.7,1100,46.88,1600,46.91,100,46.92,1200,46.93,4000,46.94,300,HOLD
1780277943830,09:39:00,46.76,47.96,48.35,46.28,48.03,1635400.0,77190000.0,46.71,600,46.7,1100,46.65,200,46.63,1200,46.62,1000,46.81,200,46.88,2300,46.91,100,46.92,1200,46.93,3500,HOLD
1780277946842,09:39:03,46.75,47.96,48.35,46.28,48.03,1638100.0,77320000.0,46.7,1100,46.65,200,46.63,1200,46.62,1000,46.6,5400,46.81,400,46.88,2300,46.9,3900,46.92,1200,46.93,3500,HOLD
1780277949846,09:39:06,46.7,47.96,48.35,46.28,48.03,1639700.0,77390000.0,46.63,1200,46.62,1000,46.6,5400,46.56,200,46.55,200,46.7,400,46.71,100,46.75,200,46.78,400,46.8,100,HOLD
1780277952853,09:39:09,46.71,47.96,48.35,46.28,48.03,1640300.0,77420000.0,46.64,500,46.63,1200,46.62,1000,46.6,5400,46.56,200,46.74,1200,46.75,100,46.78,400,46.8,100,46.81,100,HOLD
1780277955857,09:39:12,46.68,47.96,48.35,46.28,48.03,1640400.0,77430000.0,46.64,500,46.63,1200,46.62,1000,46.6,5400,46.56,200,46.68,300,46.69,500,46.7,4100,46.71,200,46.74,100,HOLD
1780277958871,09:39:15,46.62,47.96,48.35,46.28,48.03,1642800.0,77540000.0,46.62,800,46.6,5400,46.56,200,46.55,200,46.54,700,46.64,200,46.68,100,46.7,4500,46.71,200,46.74,100,HOLD
1780277961884,09:39:18,46.6,47.96,48.35,46.28,48.03,1644600.0,77620000.0,46.6,5200,46.56,200,46.55,200,46.54,700,46.53,200,46.64,700,46.68,100,46.7,4400,46.71,200,46.74,100,HOLD
1780277964887,09:39:21,46.64,47.96,48.35,46.28,48.03,1647000.0,77730000.0,46.61,100,46.6,4800,46.56,200,46.55,200,46.54,700,46.68,100,46.7,4400,46.71,200,46.74,100,46.8,200,HOLD
1780277967896,09:39:24,46.64,47.96,48.35,46.28,48.03,1647200.0,77740000.0,46.64,400,46.62,600,46.61,200,46.6,5000,46.56,200,46.68,100,46.7,4400,46.74,100,46.8,200,46.81,100,HOLD
1780277970902,09:39:27,46.61,47.96,48.35,46.28,48.03,1652600.0,78000000.0,46.68,200,46.65,100,46.6,6000,46.56,200,46.55,200,46.7,2300,46.74,100,46.8,200,46.81,100,46.88,2300,HOLD
1780277973909,09:39:30,46.7,47.96,48.35,46.28,48.03,1654000.0,78060000.0,46.68,3400,46.65,600,46.6,6000,46.56,200,46.55,200,46.7,1900,46.74,100,46.8,200,46.81,100,46.88,2300,HOLD
1780277976912,09:39:33,46.71,47.96,48.35,46.28,48.03,1656000.0,78150000.0,46.72,300,46.71,200,46.7,700,46.69,200,46.68,3500,46.74,100,46.8,200,46.81,100,46.88,2300,46.9,3900,HOLD
1780277979918,09:39:36,46.72,47.96,48.35,46.28,48.03,1656700.0,78190000.0,46.74,700,46.72,100,46.71,600,46.7,1100,46.69,200,46.8,200,46.81,100,46.88,1600,46.9,3900,46.98,500,HOLD
1780277982927,09:39:39,46.81,47.96,48.35,46.28,48.03,1657000.0,78200000.0,46.82,100,46.81,100,46.76,100,46.75,100,46.74,2900,46.88,1600,46.9,3900,46.98,500,47.0,10000,47.1,500,HOLD
1780277985940,09:39:42,46.82,47.96,48.35,46.28,48.03,1657700.0,78230000.0,46.82,200,46.8,100,46.76,100,46.75,100,46.74,2900,46.88,1300,46.9,3900,46.98,500,47.0,10200,47.1,500,HOLD
1780277988947,09:39:45,46.88,47.96,48.35,46.28,48.03,1658200.0,78260000.0,46.82,500,46.8,100,46.77,200,46.76,100,46.75,100,46.88,900,46.98,500,47.0,10200,47.1,500,47.15,100,HOLD
1780277991968,09:39:48,46.83,47.96,48.35,46.28,48.03,1664000.0,78530000.0,46.93,100,46.88,200,46.82,300,46.79,200,46.78,700,46.98,1600,46.99,300,47.0,9700,47.1,500,47.15,100,HOLD
1780277994961,09:39:51,46.82,47.96,48.35,46.28,48.03,1665700.0,78610000.0,46.77,100,46.75,100,46.74,2900,46.7,2000,46.69,200,46.82,100,46.86,1000,46.93,1600,46.96,200,46.97,300,HOLD
1780277997971,09:39:54,46.74,47.96,48.35,46.28,48.03,1670700.0,78840000.0,46.74,800,46.7,2000,46.69,200,46.68,3000,46.65,600,46.81,900,46.82,3900,46.9,900,46.91,800,46.92,800,HOLD
1780278001000,09:39:57,46.81,47.96,48.35,46.28,48.03,1676500.0,79110000.0,46.71,800,46.7,2700,46.69,200,46.68,3000,46.65,600,46.77,1300,46.81,1100,46.82,3400,46.88,100,46.96,200,HOLD
1780278003980,09:40:00,46.77,47.96,48.35,46.28,48.03,1679600.0,79260000.0,46.77,500,46.73,800,46.72,800,46.71,100,46.7,1900,46.81,1100,46.82,3400,46.88,100,46.96,200,46.97,300,HOLD
1780278006985,09:40:03,46.8,47.96,48.35,46.28,48.03,1682700.0,79400000.0,46.71,100,46.7,1600,46.69,200,46.68,3000,46.65,600,46.76,800,46.77,1200,46.8,800,46.81,400,46.82,3400,HOLD
1780278009989,09:40:06,46.7,47.96,48.35,46.28,48.03,1687700.0,79640000.0,46.69,200,46.68,3000,46.65,700,46.62,100,46.61,100,46.72,800,46.73,100,46.74,300,46.76,100,46.77,2100,HOLD
1780278012997,09:40:09,46.71,47.96,48.35,46.28,48.03,1702400.0,80320000.0,46.65,600,46.62,100,46.61,100,46.6,8800,46.58,100,46.7,100,46.71,2500,46.72,600,46.74,300,46.76,100,HOLD
1780278016006,09:40:12,46.65,47.96,48.35,46.28,48.03,1707400.0,80560000.0,46.62,100,46.61,200,46.6,8800,46.58,24200,46.56,200,46.73,100,46.74,400,46.76,100,46.77,2100,46.81,400,HOLD
1780278019008,09:40:18,46.88,47.96,48.35,46.28,48.03,1715200.0,80920000.0,46.86,200,46.85,400,46.82,4100,46.8,400,46.77,400,46.93,4000,46.97,300,47.0,9700,47.05,100,47.1,500,HOLD
1780278025028,09:40:21,46.86,47.96,48.35,46.28,48.03,1717400.0,81030000.0,46.85,100,46.82,4100,46.8,400,46.73,1000,46.72,300,46.86,10500,46.93,3800,46.97,300,47.0,9700,47.05,100,HOLD
1780278028027,09:40:24,46.86,47.96,48.35,46.28,48.03,1722400.0,81260000.0,46.85,1400,46.81,1000,46.8,200,46.73,3000,46.72,300,46.86,9500,46.93,3800,46.97,300,47.0,9700,47.05,100,HOLD
1780278031037,09:40:27,46.85,47.96,48.35,46.28,48.03,1724900.0,81380000.0,46.85,300,46.81,1000,46.8,200,46.73,2900,46.72,300,46.86,8400,46.93,3800,46.97,300,47.0,9700,47.05,100,HOLD
1780278034045,09:40:30,46.86,47.96,48.35,46.28,48.03,1735200.0,81860000.0,46.87,300,46.86,1700,46.85,300,46.81,1000,46.73,3000,46.93,3800,46.97,300,47.0,9700,47.05,100,47.1,500,HOLD
1780278037048,09:40:36,46.81,47.96,48.35,46.28,48.03,1744800.0,82310000.0,46.81,1000,46.73,3000,46.72,300,46.7,1000,46.69,100,46.86,100,46.87,300,46.88,2200,46.89,2400,46.9,6500,HOLD
1780278043057,09:40:39,46.81,47.96,48.35,46.28,48.03,1748500.0,82480000.0,46.77,100,46.73,3500,46.72,300,46.7,1000,46.69,100,46.81,1500,46.85,400,46.86,3900,46.87,2100,46.88,2300,HOLD
1780278046064,09:40:42,46.82,47.96,48.35,46.28,48.03,1754000.0,82740000.0,46.81,700,46.8,400,46.77,200,46.73,3500,46.72,300,46.86,1400,46.87,2100,46.88,2200,46.89,1100,46.9,300,HOLD
1780278049073,09:40:45,46.81,47.96,48.35,46.28,48.03,1756100.0,82840000.0,46.8,300,46.77,200,46.73,3500,46.72,300,46.7,1000,46.81,900,46.84,100,46.85,1100,46.86,800,46.87,2100,HOLD
1780278052085,09:40:48,46.68,47.96,48.35,46.28,48.03,1764300.0,83220000.0,46.66,600,46.65,1800,46.62,700,46.61,400,46.6,9700,46.67,100,46.69,100,46.77,1300,46.78,700,46.79,200,HOLD
1780278055092,09:40:51,46.66,47.96,48.35,46.28,48.03,1768900.0,83440000.0,46.62,600,46.61,400,46.6,9700,46.58,24400,46.56,600,46.66,1700,46.77,1200,46.78,700,46.8,6600,46.81,300,HOLD
1780278058093,09:40:54,46.62,47.96,48.35,46.28,48.03,1770600.0,83520000.0,46.61,100,46.6,9700,46.58,24400,46.56,600,46.55,800,46.65,800,46.66,1900,46.7,100,46.75,4700,46.78,700,HOLD
1780278061097,09:40:57,46.53,47.96,48.35,46.28,48.03,1808800.0,85290000.0,46.5,6800,46.49,1400,46.48,200,46.47,200,46.46,500,46.53,100,46.54,700,46.6,9800,46.62,2900,46.63,900,HOLD
1780278064113,09:41:03,46.46,47.96,48.35,46.28,48.03,1853900.0,87390000.0,46.45,800,46.42,300,46.4,2400,46.39,200,46.38,100,46.46,400,46.47,1600,46.5,1500,46.51,300,46.52,3600,HOLD
1780278070126,09:41:06,46.52,47.96,48.35,46.28,48.03,1866600.0,87980000.0,46.57,200,46.53,200,46.49,1500,46.48,100,46.47,200,46.6,300,46.62,63400,46.63,900,46.64,100,46.65,500,HOLD
1780278076156,09:41:12,46.58,47.96,48.35,46.28,48.03,1870400.0,88160000.0,46.57,1300,46.53,100,46.5,100,46.48,100,46.47,200,46.58,500,46.6,1200,46.61,200,46.62,61200,46.63,700,HOLD
1780278079165,09:41:15,46.57,47.96,48.35,46.28,48.03,1871900.0,88230000.0,46.57,500,46.53,800,46.5,200,46.48,100,46.47,200,46.6,1100,46.61,200,46.62,61200,46.63,700,46.64,100,HOLD
1780278082181,09:41:18,46.6,47.96,48.35,46.28,48.03,1883900.0,88790000.0,46.6,400,46.58,100,46.57,2000,46.53,1000,46.5,300,46.62,61000,46.64,100,46.65,500,46.66,600,46.7,100,HOLD
1780278085182,09:41:21,46.6,47.96,48.35,46.28,48.03,1892100.0,89170000.0,46.58,700,46.57,1600,46.53,1000,46.51,100,46.5,500,46.6,400,46.62,55500,46.64,100,46.65,500,46.66,600,HOLD
1780278088185,09:41:24,46.6,47.96,48.35,46.28,48.03,1896100.0,89360000.0,46.57,1900,46.53,1000,46.51,100,46.5,500,46.48,300,46.6,300,46.62,55500,46.64,100,46.65,200,46.66,600,HOLD
1780278091195,09:41:27,46.57,47.96,48.35,46.28,48.03,1899400.0,89510000.0,46.57,1300,46.53,1000,46.52,3000,46.51,100,46.5,500,46.58,200,46.62,54200,46.65,200,46.66,600,46.7,100,HOLD
1780278094203,09:41:30,46.6,47.96,48.35,46.28,48.03,1900900.0,89580000.0,46.6,800,46.58,400,46.57,2000,46.53,1000,46.52,3000,46.61,3500,46.62,54200,46.65,400,46.66,600,46.7,100,HOLD
1780278097221,09:41:33,46.64,47.96,48.35,46.28,48.03,1979100.0,93230000.0,46.63,900,46.62,1200,46.61,1300,46.6,22500,46.58,900,46.69,700,46.75,4700,46.81,300,46.82,1500,46.9,300,HOLD
1780278100222,09:41:36,46.68,47.96,48.35,46.28,48.03,1980000.0,93270000.0,46.68,100,46.67,300,46.66,200,46.65,100,46.64,1700,46.75,4700,46.81,300,46.82,1500,46.9,300,46.97,300,HOLD
1780278103226,09:41:39,46.66,47.96,48.35,46.28,48.03,1980900.0,93310000.0,46.67,700,46.66,100,46.64,1700,46.63,200,46.61,1300,46.74,1400,46.75,4400,46.81,300,46.82,1500,46.9,300,HOLD
1780278106244,09:41:42,46.68,47.96,48.35,46.28,48.03,1983600.0,93440000.0,46.67,100,46.66,100,46.64,2000,46.63,200,46.61,900,46.68,500,46.71,500,46.72,200,46.73,2100,46.74,1500,HOLD
1780278109256,09:41:45,46.66,47.96,48.35,46.28,48.03,2010300.0,94680000.0,46.58,1200,46.57,1700,46.55,200,46.53,900,46.52,3000,46.66,100,46.67,100,46.68,300,46.71,500,46.72,200,HOLD
1780278112264,09:41:48,46.57,47.96,48.35,46.28,48.03,2013600.0,94840000.0,46.57,400,46.55,200,46.53,900,46.52,3000,46.51,100,46.58,400,46.64,700,46.65,1100,46.66,500,46.67,100,HOLD
1780278115275,09:41:51,46.5,47.96,48.35,46.28,48.03,2018800.0,95080000.0,46.5,700,46.48,500,46.47,100,46.46,1600,46.45,1200,46.52,1000,46.55,100,46.57,3900,46.58,400,46.64,700,HOLD
1780278118289,09:41:54,46.48,47.96,48.35,46.28,48.03,2020500.0,95160000.0,46.48,400,46.47,200,46.46,1600,46.45,1200,46.42,300,46.51,500,46.52,300,46.57,3900,46.58,400,46.64,700,HOLD
1780278121298,09:42:00,46.53,47.96,48.35,46.28,48.03,2024100.0,95320000.0,46.51,100,46.5,200,46.49,1400,46.48,1200,46.47,2800,46.53,100,46.57,1600,46.58,400,46.64,200,46.65,1100,HOLD
1780278127306,09:42:03,46.55,47.96,48.35,46.28,48.03,2027400.0,95480000.0,46.54,500,46.53,200,46.52,300,46.51,100,46.5,100,46.57,600,46.58,400,46.64,200,46.65,1100,46.66,500,HOLD
1780278130311,09:42:06,46.55,47.96,48.35,46.28,48.03,2027500.0,95480000.0,46.56,100,46.55,200,46.54,500,46.53,400,46.52,300,46.57,700,46.58,400,46.64,200,46.65,1100,46.66,500,HOLD
1780278133317,09:42:09,46.55,47.96,48.35,46.28,48.03,2028200.0,95520000.0,46.55,1200,46.54,500,46.53,700,46.52,300,46.51,100,46.57,1300,46.58,400,46.64,200,46.65,1100,46.66,500,HOLD
1780278136319,09:42:12,46.57,47.96,48.35,46.28,48.03,2028500.0,95530000.0,46.56,1300,46.55,11500,46.54,500,46.53,700,46.52,300,46.57,1100,46.58,400,46.64,200,46.65,1100,46.66,500,HOLD
1780278139325,09:42:15,46.56,47.96,48.35,46.28,48.03,2031500.0,95670000.0,46.55,12100,46.53,700,46.52,300,46.5,900,46.48,700,46.56,400,46.58,400,46.64,200,46.65,1100,46.66,500,HOLD
1780278142332,09:42:18,46.55,47.96,48.35,46.28,48.03,2035300.0,95850000.0,46.55,9000,46.53,900,46.5,900,46.48,700,46.47,2800,46.56,2600,46.58,400,46.64,200,46.65,600,46.66,200,HOLD
1780278145335,09:42:21,46.56,47.96,48.35,46.28,48.03,2041600.0,96140000.0,46.56,100,46.55,5300,46.53,700,46.5,1000,46.48,400,46.58,400,46.64,200,46.66,200,46.67,100,46.68,200,HOLD
1780278148361,09:42:24,46.56,47.96,48.35,46.28,48.03,2044200.0,96260000.0,46.56,500,46.55,5300,46.53,500,46.5,1000,46.48,400,46.58,600,46.64,200,46.66,200,46.67,100,46.68,200,HOLD
1780278151358,09:42:30,46.56,47.96,48.35,46.28,48.03,2049900.0,96530000.0,46.66,1100,46.56,4300,46.55,5300,46.53,500,46.5,1000,46.7,500,46.74,100,46.75,6400,46.81,300,46.82,1500,HOLD
1780278157380,09:42:33,46.7,47.96,48.35,46.28,48.03,2050800.0,96570000.0,46.7,800,46.69,300,46.67,200,46.66,1200,46.64,500,46.74,100,46.75,6400,46.81,300,46.82,1500,46.9,300,HOLD
1780278160384,09:42:36,46.82,47.96,48.35,46.28,48.03,2058600.0,96930000.0,46.81,100,46.76,1100,46.75,20000,46.74,700,46.7,900,46.82,1100,46.9,300,46.97,300,47.0,10300,47.04,100,HOLD
1780278163390,09:42:39,46.9,47.96,48.35,46.28,48.03,2060000.0,97000000.0,46.88,300,46.87,300,46.86,1400,46.85,1000,46.82,13100,46.97,300,47.0,10300,47.04,100,47.1,500,47.12,200,HOLD
1780278166407,09:42:42,46.97,47.96,48.35,46.28,48.03,2060200.0,97010000.0,46.95,200,46.94,200,46.89,100,46.88,800,46.87,300,46.97,200,47.0,10300,47.04,100,47.1,500,47.12,200,HOLD
1780278169413,09:42:45,46.95,47.96,48.35,46.28,48.03,2061000.0,97040000.0,46.89,100,46.88,800,46.87,300,46.86,1400,46.85,1000,46.97,400,47.0,10300,47.04,100,47.1,500,47.12,200,HOLD
1780278172423,09:42:48,46.99,47.96,48.35,46.28,48.03,2066000.0,97280000.0,46.88,400,46.87,300,46.82,500,46.81,100,46.75,20000,47.0,10300,47.04,100,47.1,500,47.12,200,47.17,600,HOLD
1780278175441,09:42:54,46.89,47.96,48.35,46.28,48.03,2071100.0,97520000.0,46.92,200,46.91,400,46.89,600,46.88,1200,46.87,300,46.95,400,47.0,9200,47.04,100,47.1,500,47.12,200,HOLD
1780278181459,09:42:57,46.91,47.96,48.35,46.28,48.03,2072700.0,97590000.0,46.89,600,46.88,1400,46.87,300,46.82,100,46.75,20000,46.91,100,46.94,1200,46.95,1500,46.99,100,47.0,10100,HOLD
1780278184458,09:43:03,46.88,47.96,48.35,46.28,48.03,2079200.0,97900000.0,46.82,100,46.74,6300,46.7,600,46.69,300,46.67,200,46.88,100,46.93,100,46.94,1100,46.95,1500,46.96,400,HOLD
1780278187462,09:43:06,46.82,47.96,48.35,46.28,48.03,2080300.0,97950000.0,46.75,300,46.74,6300,46.7,600,46.69,300,46.67,200,46.85,100,46.86,600,46.87,500,46.88,500,46.93,100,HOLD
1780278193473,09:43:12,46.78,47.96,48.35,46.28,48.03,2080900.0,97980000.0,46.77,200,46.76,300,46.75,400,46.74,6300,46.7,600,46.78,1200,46.79,100,46.8,600,46.85,100,46.88,500,HOLD
1780278196484,09:43:15,46.7,47.96,48.35,46.28,48.03,2088700.0,98340000.0,46.7,800,46.69,300,46.68,100,46.67,200,46.65,700,46.72,400,46.73,800,46.74,300,46.76,500,46.78,100,HOLD
1780278199487,09:43:18,46.81,47.96,48.35,46.28,48.03,2092500.0,98520000.0,46.79,200,46.78,400,46.76,200,46.74,300,46.73,1500,46.88,500,46.93,100,46.94,1100,46.95,1500,46.96,400,HOLD
1780278205512,09:43:21,46.81,47.96,48.35,46.28,48.03,2092500.0,98520000.0,46.8,800,46.79,500,46.78,400,46.76,200,46.74,300,46.82,1400,46.88,900,46.89,100,46.93,100,46.94,1100,HOLD
1780278208526,09:43:27,46.8,47.96,48.35,46.28,48.03,2093700.0,98580000.0,46.8,700,46.79,400,46.78,600,46.76,200,46.72,100,46.81,2100,46.82,2300,46.88,900,46.89,100,46.93,300,HOLD
1780278211525,09:43:30,46.88,47.96,48.35,46.28,48.03,2097700.0,98760000.0,46.85,3100,46.84,2700,46.83,2400,46.82,6100,46.81,200,46.88,100,46.89,100,46.93,300,46.94,1100,46.95,500,HOLD
1780278217554,09:43:33,46.89,47.96,48.35,46.28,48.03,2098700.0,98810000.0,46.89,5400,46.88,400,46.87,3400,46.86,1600,46.85,3100,46.94,1000,46.95,500,46.96,400,47.0,12100,47.01,200,HOLD
1780278220563,09:43:39,46.96,47.96,48.35,46.28,48.03,2102300.0,98980000.0,46.96,1500,46.95,300,46.94,3100,46.92,400,46.9,4400,47.0,12100,47.01,200,47.04,100,47.1,300,47.12,200,HOLD
1780278223565,09:43:42,47.06,47.96,48.35,46.28,48.03,2115700.0,99610000.0,47.03,900,47.02,800,47.01,200,47.0,1700,46.97,600,47.1,300,47.12,200,47.17,600,47.2,900,47.25,500,HOLD
1780278226575,09:43:45,47.02,47.96,48.35,46.28,48.03,2117300.0,99690000.0,47.0,600,46.97,600,46.96,100,46.94,2900,46.9,300,47.02,100,47.03,600,47.1,400,47.12,200,47.17,600,HOLD
1780278232592,09:43:48,47.02,47.96,48.35,46.28,48.03,2118700.0,99760000.0,47.0,900,46.97,600,46.96,100,46.95,300,46.94,2900,47.03,1700,47.1,400,47.12,200,47.17,600,47.2,900,HOLD
1780278235608,09:43:51,47.02,47.96,48.35,46.28,48.03,2120900.0,99860000.0,47.01,500,46.97,600,46.96,100,46.95,300,46.94,2000,47.03,1200,47.1,400,47.12,200,47.17,600,47.2,900,HOLD
1780278238614,09:43:57,47.03,47.96,48.35,46.28,48.03,2122100.0,99920000.0,47.02,1300,47.01,500,46.97,300,46.96,100,46.95,300,47.03,200,47.1,500,47.12,200,47.17,600,47.2,900,HOLD
1780278241616,09:44:00,47.03,47.96,48.35,46.28,48.03,2123200.0,99970000.0,47.03,2000,47.02,1300,47.01,500,47.0,400,46.97,300,47.09,1600,47.1,500,47.12,200,47.17,600,47.2,900,HOLD
1780278244625,09:44:03,47.02,47.96,48.35,46.28,48.03,2127600.0,100170000.0,47.01,500,47.0,600,46.97,300,46.95,300,46.94,1600,47.03,500,47.08,300,47.1,500,47.12,200,47.17,600,HOLD
1780278247627,09:44:06,47.02,47.96,48.35,46.28,48.03,2130300.0,100300000.0,47.01,200,47.0,400,46.98,500,46.97,300,46.95,200,47.02,1800,47.03,100,47.08,300,47.1,500,47.12,200,HOLD
1780278253650,09:44:09,47.01,47.96,48.35,46.28,48.03,2132900.0,100420000.0,47.0,800,46.98,500,46.97,300,46.95,200,46.94,100,47.01,1000,47.02,2000,47.03,100,47.08,300,47.1,500,HOLD
1780278256652,09:44:12,46.94,47.96,48.35,46.28,48.03,2135100.0,100530000.0,46.86,100,46.81,500,46.8,1500,46.79,200,46.78,400,46.96,600,46.97,500,46.98,300,47.0,1200,47.01,1300,HOLD
1780278259668,09:44:18,46.86,47.96,48.35,46.28,48.03,2135800.0,100560000.0,46.86,100,46.81,500,46.8,1500,46.79,200,46.78,200,46.91,100,46.92,300,46.93,1500,46.94,7700,46.98,300,HOLD
1780278262679,09:44:21,46.91,47.96,48.35,46.28,48.03,2136700.0,100600000.0,46.88,200,46.87,200,46.86,1200,46.81,500,46.8,1500,46.91,100,46.92,300,46.93,1500,46.94,7600,46.98,300,HOLD
1780278268700,09:44:24,46.93,47.96,48.35,46.28,48.03,2137200.0,100630000.0,46.91,200,46.9,200,46.89,100,46.88,200,46.87,200,46.93,1400,46.94,7600,46.98,300,47.0,400,47.01,1600,HOLD
1780278271698,09:44:27,46.92,47.96,48.35,46.28,48.03,2137400.0,100630000.0,46.92,1000,46.91,500,46.9,300,46.89,100,46.88,200,46.93,1000,46.94,7600,46.98,300,47.0,400,47.01,1600,HOLD
1780278274704,09:44:30,46.91,47.96,48.35,46.28,48.03,2139600.0,100740000.0,46.9,300,46.89,100,46.88,200,46.87,200,46.86,100,46.91,1100,46.92,200,46.93,1800,46.94,7600,46.98,300,HOLD
1780278277710,09:44:33,46.93,47.96,48.35,46.28,48.03,2142800.0,100890000.0,46.92,800,46.91,1200,46.9,1100,46.89,100,46.88,500,46.94,7600,46.98,300,47.0,400,47.01,1600,47.02,100,HOLD
1780278280717,09:44:36,46.96,47.96,48.35,46.28,48.03,2151800.0,101310000.0,46.96,300,46.94,2400,46.93,600,46.92,1400,46.91,1200,47.0,400,47.01,1200,47.02,100,47.1,1300,47.12,700,HOLD
1780278283718,09:44:42,47.01,47.96,48.35,46.28,48.03,2154300.0,101430000.0,47.01,500,47.0,100,46.97,600,46.94,100,46.93,600,47.02,100,47.1,1300,47.12,700,47.17,600,47.2,800,HOLD
1780278289725,09:44:45,47.01,47.96,48.35,46.28,48.03,2154600.0,101440000.0,47.01,400,47.0,100,46.97,600,46.94,100,46.93,600,47.08,200,47.09,1800,47.1,1300,47.12,700,47.17,600,HOLD
1780278292732,09:44:48,46.91,47.96,48.35,46.28,48.03,2156700.0,101540000.0,47.02,1300,47.01,300,46.93,1400,46.91,100,46.9,6200,47.08,200,47.09,1800,47.1,1300,47.12,700,47.17,600,HOLD
1780278295743,09:44:51,47.03,47.96,48.35,46.28,48.03,2157900.0,101600000.0,47.03,300,47.02,800,47.01,300,46.91,100,46.9,6200,47.08,800,47.09,1800,47.1,1300,47.12,700,47.17,600,HOLD
1780278298765,09:44:54,47.03,47.96,48.35,46.28,48.03,2158000.0,101600000.0,47.03,300,47.02,800,47.01,300,46.91,100,46.9,6200,47.08,1100,47.09,1800,47.1,1400,47.12,700,47.17,600,HOLD
1780278301792,09:44:57,47.07,47.96,48.35,46.28,48.03,2158400.0,101620000.0,47.03,700,47.02,1000,47.01,300,46.97,100,46.94,1000,47.07,800,47.08,1200,47.09,1800,47.1,1400,47.12,700,HOLD
1780278304767,09:45:03,47.03,47.96,48.35,46.28,48.03,2162200.0,101800000.0,47.03,900,47.02,1000,47.01,300,46.97,100,46.94,1000,47.07,1600,47.09,1800,47.1,1400,47.12,700,47.17,600,HOLD
1780278310773,09:45:09,46.94,47.96,48.35,46.28,48.03,2165200.0,101940000.0,46.94,900,46.9,6900,46.89,3000,46.88,600,46.87,500,46.95,100,46.96,100,46.97,200,46.98,100,47.02,400,HOLD
1780278316785,09:45:12,46.95,47.96,48.35,46.28,48.03,2166700.0,102010000.0,47.01,100,46.95,1600,46.94,900,46.9,3700,46.89,3000,47.03,1600,47.04,1100,47.05,1200,47.06,100,47.07,900,HOLD
1780278319792,09:45:18,47.01,47.96,48.35,46.28,48.03,2170200.0,102180000.0,47.03,1300,47.01,900,47.0,1000,46.95,600,46.94,900,47.05,600,47.06,100,47.07,900,47.08,200,47.09,100,HOLD
1780278325826,09:45:21,47.04,47.96,48.35,46.28,48.03,2171400.0,102230000.0,47.03,900,47.01,900,47.0,1000,46.95,700,46.94,900,47.04,200,47.05,200,47.06,100,47.07,1300,47.08,200,HOLD
1780278328831,09:45:24,47.07,47.96,48.35,46.28,48.03,2174200.0,102360000.0,47.03,400,47.01,800,47.0,1000,46.95,700,46.94,900,47.08,100,47.09,100,47.1,1400,47.12,700,47.17,600,HOLD
1780278331847,09:45:27,47.12,47.96,48.35,46.28,48.03,2177800.0,102530000.0,47.12,600,47.1,300,47.03,500,47.01,800,47.0,1000,47.16,2000,47.17,600,47.18,400,47.2,800,47.25,500,HOLD
1780278334859,09:45:30,47.12,47.96,48.35,46.28,48.03,2178400.0,102560000.0,47.1,300,47.04,200,47.03,500,47.01,800,47.0,1000,47.11,100,47.12,800,47.14,500,47.15,100,47.16,1900,HOLD
1780278337863,09:45:33,47.11,47.96,48.35,46.28,48.03,2182000.0,102730000.0,47.11,200,47.1,200,47.08,100,47.07,200,47.04,200,47.17,300,47.18,400,47.2,800,47.25,500,47.28,800,HOLD
1780278340864,09:45:39,47.16,47.96,48.35,46.28,48.03,2183300.0,102790000.0,47.12,300,47.11,5400,47.1,300,47.08,100,47.07,200,47.16,100,47.17,1100,47.18,400,47.2,800,47.25,500,HOLD
1780278346877,09:45:45,47.2,47.96,48.35,46.28,48.03,2186800.0,102960000.0,47.2,300,47.16,4300,47.13,700,47.12,300,47.11,6200,47.25,500,47.28,800,47.29,100,47.3,4200,47.31,100,HOLD
1780278349888,09:45:48,47.25,47.96,48.35,46.28,48.03,2187400.0,102990000.0,47.25,200,47.2,300,47.17,200,47.16,4200,47.13,700,47.28,800,47.29,100,47.3,4200,47.31,100,47.33,100,HOLD
1780278352902,09:45:51,47.28,47.96,48.35,46.28,48.03,2195000.0,103350000.0,47.17,4600,47.16,3700,47.13,500,47.12,300,47.11,1300,47.28,500,47.29,100,47.3,4200,47.31,100,47.33,100,HOLD
1780278358921,09:45:54,47.2,47.96,48.35,46.28,48.03,2195800.0,103380000.0,47.2,1100,47.19,3700,47.18,300,47.17,4900,47.16,3700,47.27,1500,47.28,1400,47.29,100,47.3,4200,47.31,100,HOLD
1780278361930,09:46:00,47.22,47.96,48.35,46.28,48.03,2197700.0,103470000.0,47.21,400,47.2,2100,47.19,3700,47.18,300,47.17,700,47.25,1200,47.26,1300,47.27,400,47.28,1400,47.3,4200,HOLD
1780278364937,09:46:03,47.19,47.96,48.35,46.28,48.03,2205000.0,103820000.0,47.13,5200,47.12,300,47.11,1200,47.1,300,47.08,100,47.17,200,47.18,200,47.19,600,47.2,700,47.21,1900,HOLD
1780278367952,09:46:06,47.13,47.96,48.35,46.28,48.03,2219000.0,104480000.0,47.13,2100,47.12,300,47.11,1200,47.1,300,47.08,100,47.15,300,47.16,600,47.17,4200,47.26,1400,47.28,16300,HOLD
1780278370967,09:46:09,47.13,47.96,48.35,46.28,48.03,2225300.0,104770000.0,47.05,200,47.04,100,47.03,400,47.01,1400,47.0,1600,47.12,1500,47.13,3900,47.14,100,47.17,4200,47.28,12200,HOLD
1780278373969,09:46:12,47.05,47.96,48.35,46.28,48.03,2232500.0,105110000.0,47.04,100,47.03,400,47.01,1400,47.0,1900,46.98,100,47.11,600,47.12,1500,47.13,4400,47.14,100,47.17,4200,HOLD
1780278379980,09:46:18,47.03,47.96,48.35,46.28,48.03,2242100.0,105570000.0,47.0,800,46.98,100,46.95,200,46.94,900,46.93,200,47.03,700,47.05,1300,47.1,100,47.12,2100,47.13,1900,HOLD
1780278382995,09:46:21,47.0,47.96,48.35,46.28,48.03,2243300.0,105620000.0,47.01,200,47.0,100,46.98,100,46.95,100,46.94,900,47.03,900,47.05,1300,47.1,100,47.12,2100,47.13,3000,HOLD
1780278386001,09:46:24,47.03,47.96,48.35,46.28,48.03,2243900.0,105650000.0,47.01,200,47.0,300,46.98,100,46.95,100,46.94,900,47.03,700,47.05,1300,47.1,100,47.12,2100,47.13,3000,HOLD
1780278392011,09:46:30,46.98,47.96,48.35,46.28,48.03,2251300.0,106000000.0,46.95,100,46.94,900,46.93,200,46.9,9500,46.89,3100,46.97,100,46.98,1000,46.99,500,47.0,4800,47.01,8500,HOLD
1780278395019,09:46:33,46.94,47.96,48.35,46.28,48.03,2252300.0,106040000.0,46.93,200,46.9,9500,46.89,3100,46.88,1900,46.87,500,46.94,700,46.95,1900,46.96,100,46.97,100,46.99,500,HOLD
1780278398033,09:46:36,46.93,47.96,48.35,46.28,48.03,2253600.0,106110000.0,46.9,9500,46.89,3100,46.88,2400,46.87,500,46.86,100,46.92,100,46.93,1200,46.94,700,46.95,2000,46.96,100,HOLD
1780278401033,09:46:39,46.89,47.96,48.35,46.28,48.03,2266300.0,106700000.0,46.89,1000,46.88,1800,46.87,500,46.86,100,46.8,1500,46.9,500,46.91,600,46.92,700,46.93,1100,46.95,100,HOLD
1780278407050,09:46:42,46.89,47.96,48.35,46.28,48.03,2270800.0,106910000.0,46.87,400,46.86,100,46.8,1500,46.79,100,46.78,200,46.89,1900,46.9,1000,46.91,200,46.92,700,46.93,2100,HOLD
1780278410054,09:46:48,46.89,47.96,48.35,46.28,48.03,2279900.0,107340000.0,46.88,1100,46.87,1200,46.8,500,46.79,100,46.78,200,46.91,200,46.92,700,46.93,2000,46.95,1700,46.96,100,HOLD
1780278413056,09:46:51,46.89,47.96,48.35,46.28,48.03,2280400.0,107360000.0,46.89,400,46.88,1600,46.85,100,46.79,100,46.78,200,46.92,700,46.93,2000,46.95,1700,46.96,100,46.97,100,HOLD
1780278419084,09:46:57,46.89,47.96,48.35,46.28,48.03,2280400.0,107360000.0,46.9,100,46.89,900,46.88,1800,46.85,200,46.79,100,46.91,1200,46.92,700,46.93,2000,46.95,1700,46.96,100,HOLD
1780278422093,09:47:00,46.91,47.96,48.35,46.28,48.03,2281800.0,107430000.0,46.9,2500,46.89,3700,46.88,3800,46.85,200,46.79,100,46.91,200,46.92,700,46.93,2000,46.95,1700,46.96,100,HOLD
1780278428107,09:47:06,46.91,47.96,48.35,46.28,48.03,2286500.0,107650000.0,46.9,100,46.89,1600,46.88,2200,46.86,300,46.85,100,46.91,100,46.92,1200,46.93,1700,46.95,1700,46.97,100,HOLD
1780278434139,09:47:09,46.92,47.96,48.35,46.28,48.03,2288700.0,107750000.0,46.89,1500,46.88,2200,46.86,300,46.85,100,46.79,100,46.9,100,46.93,1300,46.95,1700,47.0,1300,47.01,8500,HOLD
1780278437138,09:47:15,46.86,47.96,48.35,46.28,48.03,2293700.0,107990000.0,46.85,200,46.84,200,46.8,1000,46.79,100,46.78,200,46.87,100,46.88,2700,46.89,1200,46.9,13500,46.91,100,HOLD
1780278443152,09:47:21,46.85,47.96,48.35,46.28,48.03,2295200.0,108060000.0,46.8,2400,46.79,100,46.78,200,46.74,100,46.72,400,46.84,500,46.85,1000,46.86,1100,46.87,100,46.9,14200,HOLD
1780278446153,09:47:24,46.8,47.96,48.35,46.28,48.03,2298000.0,108190000.0,46.79,400,46.78,200,46.74,100,46.72,400,46.71,100,46.8,400,46.84,600,46.85,1000,46.87,100,46.9,14200,HOLD
1780278449164,09:47:27,46.8,47.96,48.35,46.28,48.03,2298600.0,108220000.0,46.79,600,46.78,200,46.74,100,46.72,400,46.71,100,46.84,600,46.85,1000,46.87,100,46.9,14200,46.91,100,HOLD
1780278452177,09:47:30,46.84,47.96,48.35,46.28,48.03,2299400.0,108250000.0,46.79,900,46.78,400,46.74,100,46.72,400,46.71,100,46.84,700,46.85,1000,46.87,100,46.9,700,46.91,100,HOLD
1780278458186,09:47:36,46.85,47.96,48.35,46.28,48.03,2302500.0,108400000.0,46.85,3500,46.84,1300,46.8,500,46.79,900,46.78,400,46.89,800,46.9,700,46.91,100,46.93,100,46.95,1700,HOLD
1780278461199,09:47:39,46.85,47.96,48.35,46.28,48.03,2302500.0,108400000.0,46.87,400,46.86,400,46.85,3500,46.84,1300,46.8,600,46.89,800,46.9,700,46.91,100,46.93,100,46.95,1700,HOLD
1780278464211,09:47:42,46.91,47.96,48.35,46.28,48.03,2304900.0,108510000.0,46.88,800,46.87,2300,46.86,400,46.85,3000,46.84,1300,46.93,100,46.95,1700,47.0,3000,47.01,8700,47.08,700,HOLD
1780278467212,09:47:45,46.86,47.96,48.35,46.28,48.03,2317000.0,109080000.0,46.85,3000,46.84,900,46.8,300,46.79,900,46.78,900,46.86,600,46.87,2000,46.93,500,46.95,1700,47.0,3000,HOLD
1780278470223,09:47:48,46.87,47.96,48.35,46.28,48.03,2318000.0,109120000.0,46.86,1000,46.85,2700,46.84,600,46.8,300,46.79,400,46.87,1900,46.93,500,46.95,1700,47.0,3000,47.01,8700,HOLD
1780278476242,09:47:51,46.87,47.96,48.35,46.28,48.03,2320100.0,109220000.0,46.85,1800,46.84,600,46.8,300,46.79,400,46.78,900,46.86,300,46.87,1900,46.93,500,46.95,1700,47.0,3000,HOLD
1780278479252,09:47:54,46.87,47.96,48.35,46.28,48.03,2323400.0,109380000.0,46.89,1100,46.88,200,46.87,400,46.86,2600,46.85,700,46.93,500,46.95,1700,47.0,3000,47.01,8700,47.04,1100,HOLD
1780278482262,09:48:00,46.99,47.96,48.35,46.28,48.03,2328800.0,109630000.0,46.98,1700,46.91,200,46.89,700,46.88,200,46.87,400,46.99,700,47.0,400,47.01,8700,47.04,1100,47.08,700,HOLD
1780278485267,09:48:03,47.0,47.96,48.35,46.28,48.03,2339200.0,110120000.0,46.99,200,46.98,1300,46.91,200,46.89,700,46.88,200,47.03,900,47.04,1100,47.08,700,47.1,200,47.17,3900,HOLD
1780278488282,09:48:06,47.03,47.96,48.35,46.28,48.03,2343700.0,110330000.0,47.04,200,47.03,13700,47.0,600,46.99,800,46.98,400,47.08,300,47.1,200,47.17,3900,47.2,100,47.22,1000,HOLD
1780278491280,09:48:09,47.05,47.96,48.35,46.28,48.03,2344500.0,110370000.0,47.04,300,47.03,13700,47.0,600,46.99,400,46.98,500,47.1,200,47.17,3900,47.2,100,47.22,1000,47.25,500,HOLD
1780278494289,09:48:12,47.1,47.96,48.35,46.28,48.03,2344700.0,110380000.0,47.1,900,47.08,400,47.05,1000,47.04,700,47.0,600,47.17,3900,47.2,100,47.22,1000,47.25,500,47.26,200,HOLD
1780278497291,09:48:15,47.17,47.96,48.35,46.28,48.03,2345100.0,110400000.0,47.1,1100,47.08,600,47.05,1200,47.04,700,47.0,900,47.17,3700,47.2,100,47.22,1000,47.25,500,47.26,200,HOLD
1780278500305,09:48:18,47.17,47.96,48.35,46.28,48.03,2350900.0,110670000.0,47.17,1300,47.16,100,47.15,400,47.11,1500,47.1,1200,47.21,600,47.22,900,47.25,500,47.26,200,47.29,2300,HOLD
1780278506336,09:48:24,47.21,47.96,48.35,46.28,48.03,2360000.0,111100000.0,47.21,400,47.2,2200,47.11,100,47.1,1200,47.08,600,47.22,900,47.25,500,47.26,200,47.29,2300,47.3,4500,HOLD
1780278509344,09:48:27,47.22,47.96,48.35,46.28,48.03,2361300.0,111160000.0,47.22,600,47.21,100,47.2,2200,47.11,300,47.1,800,47.25,500,47.26,200,47.29,2300,47.3,4500,47.31,100,HOLD
1780278515364,09:48:33,47.24,47.96,48.35,46.28,48.03,2375700.0,111840000.0,47.25,500,47.23,1500,47.2,8500,47.15,900,47.11,300,47.3,4400,47.31,100,47.33,100,47.4,400,47.41,100,HOLD
1780278521376,09:48:36,47.3,47.96,48.35,46.28,48.03,2379400.0,112020000.0,47.25,400,47.23,1500,47.2,8600,47.15,900,47.11,300,47.3,800,47.31,100,47.33,100,47.4,400,47.41,100,HOLD
1780278524395,09:48:39,47.25,47.96,48.35,46.28,48.03,2379600.0,112030000.0,47.25,300,47.2,1000,47.15,900,47.11,300,47.1,400,47.3,900,47.31,100,47.33,100,47.36,200,47.4,400,HOLD
1780278527396,09:48:42,47.3,47.96,48.35,46.28,48.03,2380700.0,112080000.0,47.25,400,47.2,1000,47.15,500,47.11,300,47.08,200,47.3,700,47.31,100,47.33,100,47.36,200,47.4,400,HOLD
1780278530394,09:48:48,47.33,47.96,48.35,46.28,48.03,2385800.0,112320000.0,47.33,400,47.3,200,47.26,1800,47.25,300,47.2,200,47.39,300,47.4,400,47.41,100,47.43,100,47.44,100,HOLD
1780278536405,09:48:54,47.4,47.96,48.35,46.28,48.03,2386700.0,112360000.0,47.34,1400,47.33,1300,47.3,5800,47.26,800,47.25,300,47.39,100,47.41,100,47.43,100,47.44,100,47.46,1600,HOLD
1780278539415,09:48:57,47.45,47.96,48.35,46.28,48.03,2391300.0,112580000.0,47.36,3800,47.35,2000,47.34,1600,47.33,1300,47.3,5800,47.46,1600,47.48,100,47.5,4900,47.51,1100,47.55,200,HOLD
1780278542420,09:49:00,47.46,47.96,48.35,46.28,48.03,2393200.0,112670000.0,47.4,1100,47.39,5000,47.38,4700,47.37,100,47.36,4100,47.48,100,47.5,4900,47.51,1100,47.55,200,47.57,100,HOLD
1780278545429,09:49:03,47.46,47.96,48.35,46.28,48.03,2394300.0,112720000.0,47.41,1000,47.4,1300,47.39,9600,47.38,4700,47.37,100,47.45,500,47.46,500,47.5,4800,47.51,1100,47.55,200,HOLD
1780278548438,09:49:06,47.45,47.96,48.35,46.28,48.03,2399000.0,112950000.0,47.42,800,47.41,1000,47.4,1300,47.39,9200,47.38,4700,47.45,400,47.46,400,47.48,600,47.5,4800,47.51,1100,HOLD
1780278551450,09:49:09,47.44,47.96,48.35,46.28,48.03,2400100.0,113000000.0,47.42,800,47.41,1000,47.4,1400,47.39,9200,47.38,3900,47.44,500,47.45,400,47.46,400,47.47,1100,47.48,600,HOLD
1780278554463,09:49:12,47.42,47.96,48.35,46.28,48.03,2401000.0,113040000.0,47.42,700,47.41,1000,47.4,300,47.39,9200,47.38,3900,47.44,400,47.45,500,47.46,400,47.47,1100,47.48,600,HOLD
1780278557474,09:49:15,47.35,47.96,48.35,46.28,48.03,2409700.0,113450000.0,47.34,100,47.33,300,47.3,700,47.26,800,47.2,200,47.38,100,47.39,1400,47.4,1600,47.41,100,47.42,600,HOLD
1780278560477,09:49:18,47.3,47.96,48.35,46.28,48.03,2411600.0,113540000.0,47.3,200,47.26,800,47.2,200,47.17,1000,47.15,300,47.32,600,47.34,100,47.35,100,47.38,100,47.39,1400,HOLD
1780278563485,09:49:21,47.32,47.96,48.35,46.28,48.03,2413700.0,113640000.0,47.32,1000,47.27,400,47.26,800,47.2,200,47.17,1000,47.34,100,47.35,100,47.38,100,47.39,1400,47.4,1200,HOLD
1780278566493,09:49:24,47.38,47.96,48.35,46.28,48.03,2417000.0,113800000.0,47.38,5400,47.34,200,47.33,100,47.32,1100,47.31,100,47.39,600,47.4,1000,47.41,400,47.42,1300,47.44,400,HOLD
1780278569494,09:49:27,47.39,47.96,48.35,46.28,48.03,2417700.0,113830000.0,47.39,1100,47.38,5500,47.34,500,47.33,100,47.32,1100,47.4,1000,47.41,400,47.42,1200,47.44,400,47.45,700,HOLD
1780278575505,09:49:33,47.45,47.96,48.35,46.28,48.03,2422300.0,114050000.0,47.45,200,47.43,6500,47.42,5400,47.4,2900,47.38,5600,47.48,600,47.5,4800,47.51,1100,47.55,200,47.57,100,HOLD
1780278578516,09:49:36,47.48,47.96,48.35,46.28,48.03,2425000.0,114180000.0,47.48,900,47.46,500,47.43,6500,47.42,5400,47.4,1900,47.49,700,47.5,4800,47.51,1100,47.55,200,47.57,100,HOLD
1780278581519,09:49:39,47.51,47.96,48.35,46.28,48.03,2431600.0,114490000.0,47.52,400,47.49,400,47.48,500,47.46,500,47.45,500,47.55,200,47.57,100,47.58,300,47.6,1100,47.7,1000,HOLD
1780278584524,09:49:42,47.55,47.96,48.35,46.28,48.03,2432300.0,114530000.0,47.55,100,47.52,100,47.49,500,47.48,1100,47.46,500,47.57,100,47.58,300,47.6,1100,47.7,1000,47.8,3200,HOLD
1780278587539,09:49:45,47.57,47.96,48.35,46.28,48.03,2432900.0,114550000.0,47.57,300,47.55,300,47.52,100,47.49,600,47.48,800,47.6,1000,47.7,1000,47.8,3200,47.81,1300,47.82,26300,HOLD
1780278593558,09:49:51,47.57,47.96,48.35,46.28,48.03,2434500.0,114630000.0,47.57,600,47.55,900,47.52,100,47.49,500,47.48,800,47.6,600,47.68,200,47.7,1000,47.8,3200,47.81,2300,HOLD
1780278596570,09:49:54,47.55,47.96,48.35,46.28,48.03,2436500.0,114730000.0,47.52,100,47.49,500,47.48,800,47.45,1000,47.43,6500,47.57,600,47.58,1200,47.59,3800,47.6,600,47.68,200,HOLD
1780278599582,09:49:57,47.52,47.96,48.35,46.28,48.03,2436600.0,114730000.0,47.49,500,47.48,800,47.45,1000,47.43,6500,47.42,5400,47.52,400,47.57,600,47.58,1500,47.59,2000,47.6,700,HOLD
1780278602600,09:50:00,47.43,47.96,48.35,46.28,48.03,2443800.0,115070000.0,47.43,1600,47.42,5400,47.4,1700,47.38,5600,47.37,200,47.45,600,47.47,100,47.48,100,47.49,500,47.5,37100,HOLD
1780278605598,09:50:03,47.43,47.96,48.35,46.28,48.03,2451600.0,115440000.0,47.38,4900,47.37,200,47.32,2600,47.31,100,47.3,700,47.42,300,47.43,700,47.44,300,47.45,400,47.48,100,HOLD
1780278608610,09:50:06,47.32,47.96,48.35,46.28,48.03,2459000.0,115790000.0,47.31,100,47.3,700,47.27,400,47.26,800,47.2,200,47.34,100,47.35,1700,47.36,400,47.37,100,47.38,800,HOLD
1780278611611,09:50:09,47.27,47.96,48.35,46.28,48.03,2460000.0,115840000.0,47.26,800,47.2,200,47.17,1000,47.16,600,47.15,300,47.29,200,47.3,300,47.31,500,47.33,300,47.35,1600,HOLD
1780278614616,09:50:12,47.26,47.96,48.35,46.28,48.03,2462200.0,115940000.0,47.22,900,47.21,700,47.2,600,47.17,1000,47.16,600,47.29,300,47.3,200,47.31,1400,47.33,300,47.35,1600,HOLD
1780278617620,09:50:15,47.22,47.96,48.35,46.28,48.03,2462600.0,115960000.0,47.22,500,47.21,700,47.2,600,47.17,1000,47.16,600,47.28,100,47.29,500,47.3,200,47.31,1000,47.33,300,HOLD
1780278623625,09:50:21,47.3,47.96,48.35,46.28,48.03,2467300.0,116180000.0,47.29,200,47.28,100,47.27,1000,47.26,800,47.23,1400,47.31,900,47.35,1600,47.36,400,47.37,100,47.38,200,HOLD
1780278629653,09:50:27,47.29,47.96,48.35,46.28,48.03,2477300.0,116660000.0,47.28,300,47.27,1800,47.26,100,47.23,1400,47.22,900,47.29,200,47.3,100,47.31,100,47.34,100,47.35,1600,HOLD
1780278632653,09:50:30,47.29,47.96,48.35,46.28,48.03,2478100.0,116690000.0,47.26,300,47.25,1000,47.24,900,47.23,1400,47.22,900,47.28,500,47.29,500,47.3,100,47.31,100,47.34,100,HOLD
1780278635663,09:50:33,47.26,47.96,48.35,46.28,48.03,2479400.0,116760000.0,47.26,400,47.24,1900,47.23,1400,47.22,900,47.21,400,47.28,200,47.29,500,47.3,100,47.31,100,47.34,100,HOLD
1780278638674,09:50:36,47.26,47.96,48.35,46.28,48.03,2480800.0,116820000.0,47.26,200,47.25,100,47.23,1400,47.22,3300,47.21,400,47.29,500,47.31,100,47.34,100,47.35,1600,47.38,200,HOLD
1780278641674,09:50:39,47.28,47.96,48.35,46.28,48.03,2481100.0,116840000.0,47.28,800,47.27,1000,47.26,900,47.25,100,47.23,1400,47.29,500,47.31,100,47.34,100,47.35,1600,47.4,300,HOLD
1780278644679,09:50:42,47.35,47.96,48.35,46.28,48.03,2486400.0,117090000.0,47.34,9000,47.31,1400,47.3,2800,47.29,2200,47.28,200,47.39,200,47.4,300,47.43,400,47.49,800,47.5,900,HOLD
1780278647679,09:50:45,47.39,47.96,48.35,46.28,48.03,2498300.0,117650000.0,47.29,1100,47.27,500,47.26,900,47.25,100,47.23,2000,47.39,100,47.4,300,47.43,400,47.49,800,47.5,900,HOLD
1780278650683,09:50:48,47.27,47.96,48.35,46.28,48.03,2500400.0,117750000.0,47.26,900,47.23,2000,47.22,1000,47.2,1500,47.17,1000,47.32,1200,47.33,400,47.38,100,47.39,200,47.4,300,HOLD
1780278653696,09:50:51,47.26,47.96,48.35,46.28,48.03,2501600.0,117810000.0,47.24,200,47.23,1200,47.22,1000,47.2,1500,47.17,1000,47.3,300,47.32,1200,47.33,400,47.39,200,47.4,300,HOLD
1780278656710,09:50:54,47.27,47.96,48.35,46.28,48.03,2502100.0,117830000.0,47.24,200,47.23,1200,47.22,1000,47.2,1500,47.17,1000,47.3,200,47.32,1200,47.33,400,47.39,300,47.4,1300,HOLD
1780278662722,09:51:00,47.3,47.96,48.35,46.28,48.03,2502400.0,117840000.0,47.3,500,47.27,400,47.26,300,47.25,500,47.24,400,47.32,1200,47.33,400,47.39,300,47.4,1300,47.43,400,HOLD
1780278665734,09:51:03,47.27,47.96,48.35,46.28,48.03,2504600.0,117950000.0,47.27,200,47.26,300,47.25,500,47.24,400,47.23,1200,47.32,1000,47.33,400,47.39,200,47.4,1300,47.43,400,HOLD
1780278668748,09:51:06,47.32,47.96,48.35,46.28,48.03,2507000.0,118060000.0,47.31,300,47.3,100,47.29,200,47.28,300,47.27,500,47.33,400,47.36,100,47.39,200,47.4,1300,47.43,400,HOLD
1780278674764,09:51:12,47.36,47.96,48.35,46.28,48.03,2509000.0,118160000.0,47.33,10000,47.28,800,47.27,500,47.26,500,47.24,400,47.39,200,47.4,1300,47.43,400,47.49,800,47.5,10900,HOLD
1780278677773,09:51:15,47.33,47.96,48.35,46.28,48.03,2511800.0,118290000.0,47.33,7500,47.32,200,47.28,800,47.27,400,47.26,500,47.39,600,47.4,1300,47.43,400,47.49,800,47.5,10900,HOLD
1780278680783,09:51:18,47.33,47.96,48.35,46.28,48.03,2520000.0,118680000.0,47.29,200,47.28,1400,47.27,400,47.26,500,47.25,500,47.39,800,47.4,1300,47.43,400,47.49,800,47.5,10900,HOLD
1780278683799,09:51:21,47.33,47.96,48.35,46.28,48.03,2520000.0,118680000.0,47.29,400,47.28,1100,47.27,400,47.26,500,47.25,500,47.38,1400,47.39,800,47.4,1300,47.43,400,47.49,800,HOLD
1780278686815,09:51:24,47.4,47.96,48.35,46.28,48.03,2523300.0,118830000.0,47.31,200,47.3,200,47.29,300,47.28,1100,47.27,400,47.4,1000,47.43,400,47.49,800,47.5,10900,47.51,300,HOLD
1780278689830,09:51:27,47.33,47.96,48.35,46.28,48.03,2524900.0,118910000.0,47.33,400,47.32,1200,47.31,1000,47.3,100,47.29,400,47.43,400,47.49,800,47.5,10900,47.52,1700,47.55,18400,HOLD
1780278692837,09:51:30,47.43,47.96,48.35,46.28,48.03,2525500.0,118940000.0,47.34,500,47.33,600,47.32,1000,47.31,1200,47.3,100,47.49,800,47.5,10900,47.52,1700,47.55,18400,47.56,200,HOLD
1780278695854,09:51:33,47.43,47.96,48.35,46.28,48.03,2525700.0,118950000.0,47.43,100,47.36,1400,47.35,2200,47.34,500,47.33,1000,47.49,6800,47.5,10900,47.52,1700,47.55,18400,47.56,200,HOLD
1780278698859,09:51:36,47.37,47.96,48.35,46.28,48.03,2526200.0,118970000.0,47.37,100,47.36,1400,47.35,2200,47.34,500,47.33,1100,47.47,100,47.48,300,47.49,7500,47.5,900,47.52,1700,HOLD
1780278701863,09:51:39,47.49,47.96,48.35,46.28,48.03,2528000.0,119060000.0,47.37,100,47.36,1400,47.35,2200,47.34,500,47.33,1100,47.48,600,47.49,6400,47.5,900,47.52,1700,47.55,18400,HOLD
1780278704871,09:51:42,47.49,47.96,48.35,46.28,48.03,2528000.0,119060000.0,47.4,600,47.38,500,47.37,100,47.36,1400,47.35,2200,47.48,600,47.49,6400,47.5,900,47.52,1700,47.55,18400,HOLD
1780278707884,09:51:45,47.4,47.96,48.35,46.28,48.03,2528600.0,119090000.0,47.38,500,47.37,100,47.36,1400,47.35,2200,47.34,500,47.47,100,47.48,1400,47.49,6400,47.5,900,47.52,1700,HOLD
1780278713902,09:51:48,47.35,47.96,48.35,46.28,48.03,2529400.0,119120000.0,47.35,2200,47.34,500,47.33,1100,47.32,1000,47.31,800,47.38,200,47.42,300,47.47,2500,47.48,900,47.49,6400,HOLD
1780278716904,09:51:54,47.41,47.96,48.35,46.28,48.03,2533500.0,119320000.0,47.41,300,47.35,500,47.34,400,47.33,400,47.32,1000,47.42,300,47.47,2500,47.48,900,47.49,6400,47.5,1400,HOLD
1780278719909,09:51:57,47.42,47.96,48.35,46.28,48.03,2537800.0,119520000.0,47.34,500,47.33,400,47.32,1000,47.31,700,47.3,100,47.45,400,47.46,1500,47.47,2500,47.48,900,47.49,6500,HOLD
1780278722918,09:52:00,47.36,47.96,48.35,46.28,48.03,2538600.0,119560000.0,47.36,500,47.35,500,47.34,500,47.33,400,47.32,1000,47.45,700,47.46,1500,47.47,2500,47.48,900,47.49,6500,HOLD
1780278725923,09:52:03,47.36,47.96,48.35,46.28,48.03,2538600.0,119560000.0,47.38,100,47.36,700,47.35,500,47.34,500,47.33,400,47.45,900,47.46,1500,47.47,2500,47.48,1000,47.49,6500,HOLD
1780278728923,09:52:06,47.38,47.96,48.35,46.28,48.03,2539200.0,119590000.0,47.38,100,47.36,800,47.35,500,47.34,500,47.33,400,47.43,300,47.44,300,47.45,600,47.46,1500,47.47,2500,HOLD
1780278734937,09:52:12,47.4,47.96,48.35,46.28,48.03,2539900.0,119620000.0,47.4,300,47.37,2400,47.36,1000,47.35,600,47.34,500,47.42,200,47.44,100,47.45,600,47.46,1500,47.47,2500,HOLD
1780278737944,09:52:15,47.43,47.96,48.35,46.28,48.03,2540200.0,119630000.0,47.43,1300,47.42,300,47.4,600,47.37,2200,47.36,1800,47.44,100,47.45,600,47.46,2100,47.47,2500,47.48,1000,HOLD
1780278740944,09:52:18,47.44,47.96,48.35,46.28,48.03,2540500.0,119650000.0,47.43,1300,47.42,700,47.4,400,47.37,2200,47.36,1800,47.45,600,47.46,2100,47.47,2500,47.48,1000,47.49,6400,HOLD
1780278743961,09:52:21,47.43,47.96,48.35,46.28,48.03,2542900.0,119760000.0,47.42,400,47.4,300,47.37,1700,47.36,1800,47.35,600,47.45,200,47.46,1500,47.47,2500,47.48,1000,47.49,6400,HOLD
1780278746964,09:52:24,47.45,47.96,48.35,46.28,48.03,2543000.0,119770000.0,47.43,100,47.42,200,47.4,300,47.37,1700,47.36,1600,47.45,700,47.46,1500,47.47,2500,47.48,1000,47.49,6400,HOLD
1780278749980,09:52:27,47.45,47.96,48.35,46.28,48.03,2544000.0,119810000.0,47.45,300,47.43,100,47.42,200,47.4,800,47.39,100,47.46,1500,47.47,2500,47.48,1000,47.49,6400,47.5,1300,HOLD
1780278752984,09:52:30,47.45,47.96,48.35,46.28,48.03,2544500.0,119840000.0,47.43,300,47.42,200,47.4,800,47.39,100,47.37,1600,47.45,500,47.46,2100,47.47,2500,47.48,1000,47.49,6400,HOLD
1780278758994,09:52:36,47.38,47.96,48.35,46.28,48.03,2550500.0,120120000.0,47.38,500,47.37,1500,47.36,1100,47.35,500,47.34,500,47.45,400,47.46,2100,47.47,2500,47.48,1000,47.49,6400,HOLD
1780278761997,09:52:39,47.4,47.96,48.35,46.28,48.03,2554900.0,120330000.0,47.38,600,47.35,300,47.34,500,47.33,400,47.32,1000,47.42,800,47.43,100,47.44,700,47.45,200,47.46,1500,HOLD
1780278765004,09:52:42,47.38,47.96,48.35,46.28,48.03,2556200.0,120390000.0,47.35,300,47.33,400,47.32,1300,47.31,600,47.3,100,47.37,200,47.38,1200,47.4,100,47.43,100,47.44,700,HOLD
1780278768007,09:52:45,47.35,47.96,48.35,46.28,48.03,2556400.0,120400000.0,47.35,200,47.33,400,47.32,1300,47.31,600,47.3,100,47.36,300,47.37,200,47.38,1200,47.4,100,47.41,100,HOLD
1780278771014,09:52:48,47.36,47.96,48.35,46.28,48.03,2557100.0,120440000.0,47.33,400,47.32,1300,47.31,600,47.3,100,47.29,300,47.36,100,47.37,200,47.38,1400,47.4,100,47.41,100,HOLD
1780278774031,09:52:51,47.38,47.96,48.35,46.28,48.03,2558000.0,120480000.0,47.34,100,47.33,1100,47.32,1300,47.31,600,47.3,100,47.38,800,47.4,100,47.41,100,47.43,100,47.44,700,HOLD
1780278777033,09:52:54,47.37,47.96,48.35,46.28,48.03,2559700.0,120560000.0,47.34,200,47.33,1200,47.32,1300,47.31,300,47.3,100,47.37,500,47.38,300,47.4,100,47.41,100,47.43,100,HOLD
1780278780045,09:52:57,47.34,47.96,48.35,46.28,48.03,2561000.0,120620000.0,47.34,600,47.33,2400,47.32,1300,47.31,300,47.3,300,47.37,300,47.38,300,47.4,100,47.41,100,47.43,100,HOLD
1780278783054,09:53:00,47.37,47.96,48.35,46.28,48.03,2561400.0,120640000.0,47.36,400,47.35,700,47.34,300,47.33,2400,47.32,1300,47.38,100,47.4,300,47.41,100,47.43,300,47.44,700,HOLD
1780278786061,09:53:03,47.33,47.96,48.35,46.28,48.03,2563400.0,120730000.0,47.33,2200,47.32,1300,47.31,300,47.3,300,47.29,300,47.38,200,47.39,100,47.4,300,47.41,100,47.43,300,HOLD
1780278789078,09:53:06,47.29,47.96,48.35,46.28,48.03,2568600.0,120980000.0,47.28,200,47.27,100,47.26,200,47.25,1200,47.24,100,47.3,200,47.32,100,47.36,100,47.37,100,47.38,700,HOLD
1780278792080,09:53:09,47.3,47.96,48.35,46.28,48.03,2569000.0,121000000.0,47.27,100,47.26,200,47.25,600,47.24,100,47.22,700,47.36,300,47.37,100,47.38,300,47.39,100,47.4,100,HOLD
1780278795090,09:53:12,47.3,47.96,48.35,46.28,48.03,2569000.0,121000000.0,47.27,100,47.26,200,47.25,600,47.24,100,47.22,700,47.36,300,47.38,700,47.39,100,47.4,100,47.41,100,HOLD
1780278801101,09:53:18,47.24,47.96,48.35,46.28,48.03,2570900.0,121090000.0,47.22,700,47.2,1500,47.17,1500,47.15,300,47.11,300,47.25,1200,47.27,100,47.38,700,47.39,100,47.4,100,HOLD
1780278804115,09:53:21,47.25,47.96,48.35,46.28,48.03,2571900.0,121140000.0,47.22,100,47.2,1500,47.17,1500,47.15,300,47.11,300,47.25,900,47.33,100,47.38,700,47.39,100,47.4,100,HOLD
1780278807117,09:53:24,47.25,47.96,48.35,46.28,48.03,2572500.0,121160000.0,47.22,100,47.2,1500,47.17,1500,47.15,300,47.11,300,47.25,400,47.33,100,47.38,700,47.39,100,47.4,100,HOLD
1780278810123,09:53:27,47.22,47.96,48.35,46.28,48.03,2572800.0,121180000.0,47.2,1500,47.17,1500,47.15,300,47.11,300,47.08,1200,47.25,200,47.28,1500,47.33,100,47.38,700,47.39,100,HOLD
1780278813129,09:53:30,47.2,47.96,48.35,46.28,48.03,2574900.0,121280000.0,47.2,500,47.17,1000,47.15,300,47.11,300,47.1,500,47.27,200,47.28,1500,47.29,300,47.3,3000,47.33,100,HOLD
1780278816146,09:53:33,47.2,47.96,48.35,46.28,48.03,2575600.0,121310000.0,47.17,1000,47.15,300,47.11,300,47.1,500,47.08,1200,47.19,1600,47.2,500,47.27,200,47.28,1500,47.29,300,HOLD
1780278819162,09:53:36,47.17,47.96,48.35,46.28,48.03,2576800.0,121370000.0,47.11,300,47.08,1200,47.04,300,47.01,500,47.0,8500,47.17,200,47.19,1400,47.2,400,47.27,200,47.29,300,HOLD
1780278822166,09:53:39,47.11,47.96,48.35,46.28,48.03,2577200.0,121390000.0,47.08,1200,47.04,300,47.01,500,47.0,8500,46.98,100,47.17,300,47.19,1500,47.2,100,47.27,200,47.29,300,HOLD
1780278825175,09:53:42,47.17,47.96,48.35,46.28,48.03,2578000.0,121420000.0,47.08,1300,47.04,300,47.01,500,47.0,8500,46.98,100,47.17,100,47.19,1500,47.2,100,47.27,200,47.29,300,HOLD
1780278828179,09:53:45,47.17,47.96,48.35,46.28,48.03,2578100.0,121430000.0,47.17,200,47.09,800,47.08,1300,47.04,300,47.01,500,47.19,1500,47.2,100,47.27,200,47.29,300,47.38,800,HOLD
1780278831190,09:53:48,47.17,47.96,48.35,46.28,48.03,2578400.0,121440000.0,47.09,700,47.08,1300,47.04,300,47.01,500,47.0,8500,47.19,1500,47.2,100,47.27,200,47.29,300,47.38,800,HOLD
1780278834202,09:53:51,47.11,47.96,48.35,46.28,48.03,2580900.0,121560000.0,47.11,1900,47.1,300,47.09,700,47.08,1300,47.06,100,47.17,400,47.19,1900,47.2,100,47.27,200,47.29,300,HOLD
1780278837205,09:53:54,47.2,47.96,48.35,46.28,48.03,2583900.0,121700000.0,47.17,100,47.15,200,47.13,1000,47.12,100,47.11,1300,47.27,200,47.29,300,47.3,700,47.38,800,47.39,100,HOLD
1780278840218,09:53:57,47.19,47.96,48.35,46.28,48.03,2584100.0,121710000.0,47.19,100,47.18,2000,47.17,200,47.12,100,47.11,1300,47.27,200,47.29,300,47.3,700,47.38,800,47.39,100,HOLD
1780278843228,09:54:00,47.2,47.96,48.35,46.28,48.03,2584200.0,121720000.0,47.24,100,47.22,600,47.21,400,47.2,1700,47.19,8000,47.27,200,47.29,300,47.3,700,47.38,800,47.39,100,HOLD
1780278846234,09:54:03,47.3,47.96,48.35,46.28,48.03,2586200.0,121810000.0,47.27,800,47.26,600,47.25,700,47.24,100,47.21,400,47.38,800,47.39,100,47.4,400,47.41,100,47.44,200,HOLD
1780278849239,09:54:06,47.28,47.96,48.35,46.28,48.03,2586400.0,121820000.0,47.31,1000,47.3,400,47.29,900,47.28,100,47.27,1100,47.38,1000,47.39,100,47.4,400,47.41,100,47.44,200,HOLD
1780278852243,09:54:09,47.28,47.96,48.35,46.28,48.03,2586400.0,121820000.0,47.34,1000,47.33,600,47.32,900,47.31,1100,47.29,900,47.38,1000,47.39,100,47.4,300,47.41,100,47.44,200,HOLD
1780278858252,09:54:15,47.44,47.96,48.35,46.28,48.03,2596300.0,122290000.0,47.4,1400,47.39,100,47.35,1800,47.34,300,47.33,200,47.45,1000,47.47,2500,47.48,400,47.49,6500,47.5,1300,HOLD
1780278861258,09:54:18,47.45,47.96,48.35,46.28,48.03,2601500.0,122540000.0,47.39,2700,47.38,300,47.36,1500,47.35,1100,47.34,9500,47.45,400,47.47,2500,47.48,400,47.49,6500,47.5,1100,HOLD
1780278864269,09:54:21,47.45,47.96,48.35,46.28,48.03,2602400.0,122580000.0,47.42,2000,47.4,500,47.39,300,47.36,600,47.35,1100,47.45,100,47.47,2100,47.48,400,47.49,6500,47.5,1100,HOLD
1780278867273,09:54:24,47.45,47.96,48.35,46.28,48.03,2612300.0,123050000.0,47.45,3300,47.39,2300,47.36,600,47.35,400,47.34,7500,47.47,2100,47.48,400,47.49,6500,47.5,1100,47.52,800,HOLD
1780278870280,09:54:27,47.45,47.96,48.35,46.28,48.03,2615700.0,123210000.0,47.45,100,47.39,2300,47.38,100,47.36,600,47.35,400,47.47,2100,47.48,400,47.49,6500,47.5,1100,47.52,800,HOLD
1780278873283,09:54:30,47.45,47.96,48.35,46.28,48.03,2616200.0,123230000.0,47.39,2300,47.38,100,47.36,600,47.35,1100,47.34,7500,47.45,3400,47.46,100,47.47,1800,47.48,400,47.49,6500,HOLD
1780278876298,09:54:33,47.45,47.96,48.35,46.28,48.03,2616200.0,123230000.0,47.39,2300,47.38,100,47.36,600,47.35,1100,47.34,7500,47.45,4700,47.46,100,47.47,1800,47.48,400,47.49,6500,HOLD
1780278879314,09:54:36,47.45,47.96,48.35,46.28,48.03,2616500.0,123250000.0,47.4,2600,47.39,300,47.38,100,47.36,600,47.35,1100,47.45,5600,47.46,100,47.47,1800,47.48,400,47.49,6500,HOLD
1780278882317,09:54:39,47.45,47.96,48.35,46.28,48.03,2622200.0,123520000.0,47.45,100,47.4,2600,47.39,300,47.38,100,47.36,600,47.46,100,47.47,1800,47.48,400,47.49,6500,47.5,1100,HOLD
1780278885325,09:54:42,47.58,47.96,48.35,46.28,48.03,2653200.0,124990000.0,47.58,100,47.56,300,47.54,400,47.5,300,47.48,1200,47.6,1100,47.65,500,47.68,200,47.69,400,47.7,1000,HOLD
1780278888331,09:54:45,47.65,47.96,48.35,46.28,48.03,2655100.0,125080000.0,47.59,600,47.58,100,47.56,200,47.5,600,47.48,1200,47.68,200,47.69,400,47.7,1000,47.72,500,47.76,200,HOLD
1780278891336,09:54:48,47.65,47.96,48.35,46.28,48.03,2655100.0,125080000.0,47.6,500,47.59,900,47.56,200,47.5,500,47.48,1200,47.68,200,47.69,400,47.7,1000,47.72,500,47.76,200,HOLD
1780278894345,09:54:51,47.7,47.96,48.35,46.28,48.03,2656700.0,125160000.0,47.69,100,47.61,400,47.6,500,47.59,900,47.56,200,47.72,500,47.76,200,47.8,3200,47.81,1000,47.82,300,HOLD
1780278897349,09:54:54,47.73,47.96,48.35,46.28,48.03,2657700.0,125210000.0,47.66,400,47.65,300,47.6,500,47.59,1400,47.5,300,47.75,300,47.76,200,47.8,3200,47.81,1000,47.82,300,HOLD
1780278900364,09:54:57,47.72,47.96,48.35,46.28,48.03,2658000.0,125220000.0,47.68,100,47.67,100,47.66,500,47.65,300,47.6,500,47.71,300,47.72,200,47.75,300,47.76,200,47.8,3200,HOLD
1780278903387,09:55:00,47.71,47.96,48.35,46.28,48.03,2658100.0,125230000.0,47.68,9400,47.67,100,47.66,400,47.65,300,47.6,500,47.72,100,47.75,300,47.76,200,47.8,3200,47.81,1000,HOLD
1780278906391,09:55:03,47.69,47.96,48.35,46.28,48.03,2658600.0,125250000.0,47.68,9500,47.67,300,47.66,100,47.65,300,47.6,500,47.75,200,47.76,200,47.79,300,47.8,3200,47.81,1000,HOLD
1780278909395,09:55:06,47.86,47.96,48.35,46.28,48.03,2670200.0,125800000.0,47.81,100,47.8,1700,47.78,2900,47.77,2700,47.71,1500,47.86,100,47.87,1400,47.88,1300,47.9,1600,47.93,300,HOLD
1780278912402,09:55:09,47.8,47.96,48.35,46.28,48.03,2671500.0,125870000.0,47.8,600,47.78,2900,47.77,2700,47.71,1500,47.7,400,47.83,900,47.84,900,47.85,200,47.86,100,47.88,1300,HOLD
1780278915406,09:55:12,47.77,47.96,48.35,46.28,48.03,2678600.0,126200000.0,47.75,300,47.71,1500,47.7,400,47.69,700,47.68,7300,47.77,100,47.78,600,47.79,500,47.8,500,47.81,4100,HOLD
1780278918414,09:55:15,47.78,47.96,48.35,46.28,48.03,2679700.0,126260000.0,47.75,100,47.71,1500,47.7,400,47.69,700,47.68,7300,47.78,200,47.79,500,47.8,400,47.81,4200,47.83,200,HOLD
1780278921423,09:55:18,47.76,47.96,48.35,46.28,48.03,2681100.0,126320000.0,47.71,700,47.69,700,47.68,7300,47.67,700,47.66,100,47.75,200,47.76,200,47.77,600,47.78,100,47.79,500,HOLD
1780278924430,09:55:21,47.75,47.96,48.35,46.28,48.03,2682600.0,126400000.0,47.71,700,47.69,700,47.68,7300,47.67,700,47.66,100,47.76,100,47.77,600,47.78,200,47.79,500,47.8,300,HOLD
1780278927435,09:55:24,47.75,47.96,48.35,46.28,48.03,2682900.0,126410000.0,47.72,100,47.71,700,47.69,700,47.68,7300,47.67,700,47.75,100,47.76,700,47.77,600,47.78,200,47.79,500,HOLD
1780278933451,09:55:30,47.72,47.96,48.35,46.28,48.03,2687000.0,126610000.0,47.71,200,47.69,700,47.68,7400,47.67,700,47.66,100,47.72,400,47.78,200,47.79,500,47.8,300,47.81,600,HOLD
1780278936454,09:55:33,47.71,47.96,48.35,46.28,48.03,2688900.0,126700000.0,47.72,400,47.71,400,47.69,700,47.68,7400,47.67,700,47.75,800,47.76,200,47.77,100,47.78,200,47.79,500,HOLD
1780278939463,09:55:36,47.75,47.96,48.35,46.28,48.03,2689700.0,126730000.0,47.72,1500,47.71,1100,47.69,700,47.68,7600,47.67,500,47.73,200,47.74,300,47.75,300,47.78,200,47.79,500,HOLD
1780278942468,09:55:39,47.73,47.96,48.35,46.28,48.03,2690800.0,126790000.0,47.72,1100,47.71,1100,47.69,700,47.68,7600,47.67,500,47.73,700,47.74,300,47.75,900,47.78,200,47.79,500,HOLD
1780278945471,09:55:42,47.7,47.96,48.35,46.28,48.03,2693100.0,126900000.0,47.69,700,47.68,7600,47.67,500,47.66,100,47.64,6400,47.7,900,47.71,3100,47.72,100,47.73,1700,47.74,300,HOLD
1780278948487,09:55:45,47.69,47.96,48.35,46.28,48.03,2693900.0,126930000.0,47.69,100,47.68,7600,47.67,500,47.66,100,47.64,6400,47.7,2900,47.71,3100,47.72,100,47.73,300,47.75,600,HOLD
1780278951497,09:55:48,47.7,47.96,48.35,46.28,48.03,2709100.0,127660000.0,47.64,3800,47.6,500,47.59,600,47.5,300,47.45,300,47.69,300,47.7,400,47.71,3100,47.72,100,47.73,300,HOLD
1780278954501,09:55:51,47.7,47.96,48.35,46.28,48.03,2709100.0,127660000.0,47.64,3800,47.6,500,47.59,500,47.5,300,47.45,300,47.68,200,47.69,500,47.7,400,47.71,3100,47.72,100,HOLD
1780278957518,09:55:54,47.64,47.96,48.35,46.28,48.03,2713100.0,127850000.0,47.6,500,47.59,500,47.5,300,47.45,300,47.4,100,47.64,1200,47.69,500,47.7,500,47.71,3100,47.72,100,HOLD
1780278960522,09:55:57,47.59,47.96,48.35,46.28,48.03,2714100.0,127900000.0,47.5,300,47.45,300,47.4,100,47.34,300,47.33,300,47.59,1400,47.6,11500,47.62,100,47.63,400,47.64,1400,HOLD
1780278963538,09:56:00,47.59,47.96,48.35,46.28,48.03,2714100.0,127900000.0,47.5,500,47.45,300,47.4,100,47.34,2700,47.33,300,47.58,400,47.59,1500,47.6,11500,47.62,100,47.64,1600,HOLD
1780278966554,09:56:03,47.5,47.96,48.35,46.28,48.03,2714300.0,127910000.0,47.5,500,47.45,300,47.4,100,47.34,2700,47.33,300,47.58,400,47.59,1500,47.6,11500,47.62,100,47.64,1600,HOLD
1780278969559,09:56:06,47.57,47.96,48.35,46.28,48.03,2715400.0,127960000.0,47.45,300,47.34,2700,47.33,300,47.3,200,47.27,300,47.58,400,47.59,1500,47.62,100,47.64,1600,47.69,200,HOLD
1780278972569,09:56:09,47.45,47.96,48.35,46.28,48.03,2716000.0,127990000.0,47.48,200,47.47,300,47.46,200,47.45,100,47.38,300,47.56,1400,47.57,1500,47.58,800,47.59,100,47.62,100,HOLD
1780278975574,09:56:12,47.48,47.96,48.35,46.28,48.03,2716300.0,128000000.0,47.48,300,47.47,300,47.46,200,47.45,100,47.38,300,47.56,1200,47.57,1500,47.58,800,47.59,100,47.62,100,HOLD
1780278978580,09:56:15,47.52,47.96,48.35,46.28,48.03,2716800.0,128030000.0,47.47,300,47.46,100,47.45,100,47.38,300,47.37,2100,47.56,1100,47.57,1800,47.58,400,47.59,100,47.62,100,HOLD
1780278981591,09:56:18,47.48,47.96,48.35,46.28,48.03,2718300.0,128100000.0,47.46,7800,47.45,100,47.44,1500,47.42,1900,47.4,400,47.48,2600,47.5,1000,47.53,200,47.57,1800,47.58,400,HOLD
1780278984605,09:56:21,47.47,47.96,48.35,46.28,48.03,2718600.0,128110000.0,47.46,7800,47.45,100,47.44,1700,47.42,1900,47.4,700,47.48,2600,47.5,1000,47.53,200,47.57,2000,47.58,400,HOLD
1780278987624,09:56:24,47.46,47.96,48.35,46.28,48.03,2719900.0,128170000.0,47.46,6600,47.45,100,47.44,1700,47.42,1900,47.4,700,47.48,2600,47.5,1000,47.53,200,47.57,2000,47.58,400,HOLD
1780278990629,09:56:27,47.5,47.96,48.35,46.28,48.03,2725100.0,128420000.0,47.5,500,47.49,2200,47.48,400,47.47,700,47.46,6600,47.57,2000,47.58,400,47.59,100,47.62,100,47.64,1400,HOLD
1780278993640,09:56:30,47.57,47.96,48.35,46.28,48.03,2726100.0,128470000.0,47.51,700,47.5,600,47.49,2200,47.48,500,47.47,700,47.57,1200,47.58,400,47.59,100,47.62,100,47.64,1400,HOLD
1780278996653,09:56:33,47.56,47.96,48.35,46.28,48.03,2728800.0,128600000.0,47.57,400,47.51,500,47.5,600,47.49,2200,47.48,500,47.58,1500,47.59,400,47.62,100,47.64,1400,47.69,200,HOLD
1780278999670,09:56:36,47.57,47.96,48.35,46.28,48.03,2730700.0,128690000.0,47.51,700,47.5,700,47.49,2200,47.48,500,47.47,700,47.56,800,47.57,1800,47.58,1700,47.59,100,47.62,100,HOLD
1780279002680,09:56:39,47.57,47.96,48.35,46.28,48.03,2732500.0,128770000.0,47.56,100,47.51,600,47.5,700,47.48,500,47.47,900,47.57,1800,47.58,1700,47.59,100,47.62,100,47.64,1400,HOLD
1780279005694,09:56:42,47.61,47.96,48.35,46.28,48.03,2736200.0,128950000.0,47.61,1200,47.6,200,47.58,600,47.56,1500,47.55,400,47.62,100,47.64,1400,47.7,2200,47.74,500,47.8,200,HOLD
1780279008700,09:56:45,47.61,47.96,48.35,46.28,48.03,2736600.0,128970000.0,47.61,1600,47.6,300,47.58,1200,47.56,1500,47.55,400,47.62,800,47.64,1400,47.7,2200,47.74,500,47.8,200,HOLD
1780279011711,09:56:48,47.62,47.96,48.35,46.28,48.03,2737100.0,128990000.0,47.61,1400,47.6,300,47.58,1300,47.56,1500,47.55,400,47.62,700,47.64,200,47.7,2200,47.74,500,47.8,200,HOLD
1780279014718,09:56:51,47.56,47.96,48.35,46.28,48.03,2741300.0,129190000.0,47.51,300,47.5,1000,47.48,500,47.47,1200,47.46,7200,47.59,600,47.6,100,47.61,4700,47.62,700,47.64,200,HOLD
1780279017723,09:56:54,47.51,47.96,48.35,46.28,48.03,2742000.0,129220000.0,47.51,100,47.5,1000,47.48,500,47.47,1200,47.46,7200,47.55,200,47.59,600,47.6,100,47.61,5000,47.62,700,HOLD
1780279020731,09:56:57,47.52,47.96,48.35,46.28,48.03,2742200.0,129230000.0,47.52,600,47.51,100,47.5,1000,47.48,500,47.47,500,47.54,100,47.55,200,47.56,2800,47.59,600,47.6,100,HOLD
1780279023740,09:57:00,47.53,47.96,48.35,46.28,48.03,2743600.0,129300000.0,47.5,1000,47.48,100,47.47,500,47.46,7200,47.44,400,47.52,900,47.53,400,47.54,100,47.55,200,47.56,2800,HOLD
1780279026748,09:57:03,47.5,47.96,48.35,46.28,48.03,2745500.0,129390000.0,47.48,100,47.47,500,47.46,7200,47.44,400,47.43,6900,47.52,2100,47.53,400,47.54,100,47.56,2800,47.61,2000,HOLD
1780279029757,09:57:06,47.53,47.96,48.35,46.28,48.03,2748200.0,129520000.0,47.53,200,47.52,200,47.51,400,47.5,5800,47.48,3700,47.56,2800,47.61,2000,47.62,1000,47.64,200,47.66,100,HOLD
1780279032772,09:57:09,47.56,47.96,48.35,46.28,48.03,2748900.0,129550000.0,47.53,300,47.52,200,47.51,400,47.5,5800,47.48,3700,47.56,2100,47.61,1900,47.62,1000,47.64,200,47.66,100,HOLD
1780279035775,09:57:12,47.5,47.96,48.35,46.28,48.03,2753800.0,129780000.0,47.5,2400,47.48,3600,47.47,500,47.46,7200,47.44,400,47.51,800,47.52,200,47.53,700,47.54,400,47.56,2100,HOLD
1780279038794,09:57:15,47.5,47.96,48.35,46.28,48.03,2756200.0,129900000.0,47.48,3600,47.47,500,47.46,7200,47.44,400,47.43,6900,47.5,100,47.51,800,47.52,200,47.53,700,47.54,400,HOLD
1780279041792,09:57:18,47.51,47.96,48.35,46.28,48.03,2757100.0,129940000.0,47.5,500,47.48,3400,47.47,500,47.46,7200,47.44,400,47.51,200,47.52,200,47.53,700,47.54,400,47.61,1900,HOLD
1780279044800,09:57:21,47.5,47.96,48.35,46.28,48.03,2757900.0,129980000.0,47.48,3800,47.47,500,47.46,7200,47.44,400,47.43,6900,47.5,300,47.51,100,47.52,200,47.53,700,47.54,400,HOLD
1780279047806,09:57:24,47.53,47.96,48.35,46.28,48.03,2759000.0,130030000.0,47.48,3800,47.47,500,47.46,7200,47.44,400,47.43,6900,47.53,200,47.54,400,47.56,200,47.6,100,47.61,1900,HOLD
1780279050814,09:57:27,47.53,47.96,48.35,46.28,48.03,2759100.0,130040000.0,47.5,100,47.49,400,47.48,3900,47.47,500,47.46,7200,47.53,100,47.54,400,47.56,200,47.6,100,47.61,1900,HOLD
1780279053819,09:57:30,47.53,47.96,48.35,46.28,48.03,2759200.0,130040000.0,47.51,600,47.5,1600,47.49,400,47.48,4000,47.47,500,47.54,400,47.56,200,47.6,100,47.61,1900,47.62,1000,HOLD
1780279056823,09:57:33,47.53,47.96,48.35,46.28,48.03,2759200.0,130040000.0,47.52,500,47.51,600,47.5,1600,47.49,400,47.48,4000,47.54,400,47.56,200,47.6,100,47.61,1900,47.62,1000,HOLD
1780279059833,09:57:36,47.54,47.96,48.35,46.28,48.03,2759600.0,130060000.0,47.54,600,47.52,500,47.51,600,47.5,1600,47.49,400,47.56,200,47.6,100,47.61,1900,47.62,1000,47.64,200,HOLD
1780279062844,09:57:39,47.53,47.96,48.35,46.28,48.03,2762100.0,130180000.0,47.52,500,47.51,600,47.5,1600,47.49,400,47.48,3900,47.54,2700,47.56,200,47.6,100,47.61,1900,47.62,1000,HOLD
1780279065845,09:57:42,47.54,47.96,48.35,46.28,48.03,2763100.0,130230000.0,47.51,600,47.5,100,47.49,400,47.48,3900,47.47,500,47.54,1700,47.56,200,47.6,100,47.61,1900,47.62,1000,HOLD
1780279068848,09:57:45,47.54,47.96,48.35,46.28,48.03,2764300.0,130280000.0,47.53,500,47.52,700,47.51,600,47.5,600,47.49,400,47.54,500,47.56,200,47.6,100,47.61,1900,47.62,1000,HOLD
1780279071863,09:57:48,47.55,47.96,48.35,46.28,48.03,2765000.0,130320000.0,47.54,2600,47.53,1100,47.52,700,47.51,600,47.5,600,47.55,500,47.56,300,47.6,100,47.61,1900,47.62,1000,HOLD
1780279074869,09:57:51,47.56,47.96,48.35,46.28,48.03,2765900.0,130360000.0,47.55,1700,47.54,3900,47.53,1100,47.52,700,47.51,600,47.56,100,47.6,100,47.61,1900,47.62,1000,47.64,200,HOLD
1780279077873,09:57:54,47.55,47.96,48.35,46.28,48.03,2767000.0,130410000.0,47.55,1600,47.54,3900,47.52,700,47.51,600,47.5,500,47.61,1600,47.62,1000,47.64,200,47.66,100,47.67,400,HOLD
1780279080876,09:57:57,47.56,47.96,48.35,46.28,48.03,2773100.0,130700000.0,47.54,200,47.52,700,47.51,600,47.5,500,47.48,3900,47.61,1600,47.62,1000,47.64,200,47.66,100,47.67,400,HOLD
1780279083883,09:58:00,47.54,47.96,48.35,46.28,48.03,2773300.0,130710000.0,47.52,700,47.51,600,47.5,500,47.48,3900,47.47,500,47.54,400,47.61,1600,47.62,1000,47.64,200,47.66,100,HOLD
1780279086891,09:58:03,47.5,47.96,48.35,46.28,48.03,2776600.0,130870000.0,47.48,3900,47.47,500,47.46,7200,47.45,100,47.44,400,47.59,1100,47.6,300,47.61,1300,47.62,1000,47.64,200,HOLD
1780279089906,09:58:06,47.43,47.96,48.35,46.28,48.03,2790200.0,131510000.0,47.43,5700,47.4,400,47.36,200,47.34,400,47.33,300,47.45,100,47.47,500,47.48,500,47.52,100,47.57,1000,HOLD
1780279092908,09:58:09,47.43,47.96,48.35,46.28,48.03,2792300.0,131610000.0,47.43,3700,47.4,400,47.36,200,47.34,400,47.33,300,47.48,1100,47.49,200,47.5,1100,47.51,1200,47.52,100,HOLD
1780279095913,09:58:12,47.43,47.96,48.35,46.28,48.03,2792900.0,131640000.0,47.43,3800,47.4,400,47.36,200,47.34,400,47.33,300,47.48,1200,47.49,200,47.5,1100,47.51,1200,47.52,100,HOLD
1780279098927,09:58:15,47.44,47.96,48.35,46.28,48.03,2794300.0,131710000.0,47.43,3400,47.4,400,47.36,200,47.34,400,47.33,300,47.48,1300,47.49,200,47.5,1100,47.51,1200,47.52,100,HOLD
1780279101938,09:58:18,47.44,47.96,48.35,46.28,48.03,2794300.0,131710000.0,47.43,3400,47.4,400,47.36,200,47.34,400,47.33,300,47.48,1500,47.49,200,47.5,1100,47.51,1200,47.57,1000,HOLD
1780279104941,09:58:21,47.43,47.96,48.35,46.28,48.03,2796200.0,131800000.0,47.43,2000,47.4,900,47.36,200,47.34,400,47.33,300,47.48,700,47.49,200,47.5,1200,47.51,1200,47.57,1000,HOLD
1780279107944,09:58:24,47.44,47.96,48.35,46.28,48.03,2796500.0,131810000.0,47.44,300,47.43,1800,47.4,900,47.36,200,47.34,400,47.48,700,47.49,200,47.5,1200,47.51,1200,47.56,400,HOLD
1780279113965,09:58:30,47.48,47.96,48.35,46.28,48.03,2797300.0,131850000.0,47.44,100,47.43,1800,47.4,900,47.36,300,47.34,400,47.48,300,47.49,200,47.5,1200,47.51,1200,47.56,400,HOLD
1780279116968,09:58:33,47.48,47.96,48.35,46.28,48.03,2797300.0,131850000.0,47.45,100,47.44,100,47.43,1800,47.42,1000,47.4,900,47.48,300,47.49,200,47.5,1200,47.51,1200,47.55,800,HOLD
1780279119970,09:58:36,47.44,47.96,48.35,46.28,48.03,2797700.0,131870000.0,47.45,100,47.43,1900,47.42,1000,47.4,1100,47.36,300,47.48,200,47.49,200,47.5,1200,47.51,1200,47.55,800,HOLD
1780279122976,09:58:42,47.45,47.96,48.35,46.28,48.03,2797800.0,131870000.0,47.43,1900,47.42,1000,47.4,1100,47.36,300,47.34,400,47.45,100,47.48,500,47.49,200,47.5,1200,47.51,1200,HOLD
1780279128990,09:58:45,47.45,47.96,48.35,46.28,48.03,2798300.0,131900000.0,47.44,300,47.43,1900,47.42,1000,47.4,1100,47.36,300,47.45,600,47.48,300,47.49,300,47.5,1200,47.51,1200,HOLD
1780279131995,09:58:48,47.45,47.96,48.35,46.28,48.03,2799000.0,131930000.0,47.46,100,47.45,300,47.44,400,47.43,2100,47.42,1000,47.48,300,47.49,800,47.5,1200,47.51,1200,47.55,800,HOLD
1780279135004,09:58:51,47.55,47.96,48.35,46.28,48.03,2804500.0,132190000.0,47.5,17800,47.49,800,47.48,100,47.47,400,47.46,400,47.57,1400,47.58,700,47.59,2000,47.6,600,47.61,1300,HOLD
1780279138004,09:58:54,47.51,47.96,48.35,46.28,48.03,2815700.0,132730000.0,47.62,100,47.57,400,47.54,4500,47.52,1400,47.51,600,47.63,100,47.64,200,47.7,2700,47.74,500,47.8,1300,HOLD
1780279141009,09:58:57,47.64,47.96,48.35,46.28,48.03,2816600.0,132770000.0,47.63,800,47.57,400,47.54,4500,47.51,1000,47.5,17800,47.66,500,47.69,100,47.7,2700,47.74,500,47.8,1300,HOLD
1780279144016,09:59:00,47.61,47.96,48.35,46.28,48.03,2817700.0,132820000.0,47.58,500,47.57,400,47.54,4500,47.51,1000,47.5,17800,47.61,300,47.62,500,47.66,500,47.69,100,47.7,2700,HOLD
1780279147025,09:59:03,47.66,47.96,48.35,46.28,48.03,2819100.0,132890000.0,47.62,300,47.59,100,47.57,400,47.54,4500,47.51,1000,47.64,200,47.66,100,47.69,100,47.7,2700,47.74,500,HOLD
1780279150042,09:59:06,47.64,47.96,48.35,46.28,48.03,2819600.0,132910000.0,47.64,500,47.63,100,47.62,400,47.59,100,47.57,400,47.65,400,47.66,100,47.69,100,47.7,2700,47.74,500,HOLD
1780279153048,09:59:12,47.66,47.96,48.35,46.28,48.03,2820600.0,132960000.0,47.65,100,47.64,300,47.63,200,47.62,400,47.59,100,47.66,200,47.67,100,47.68,900,47.69,100,47.7,2700,HOLD
1780279159066,09:59:15,47.65,47.96,48.35,46.28,48.03,2821300.0,132990000.0,47.63,200,47.62,400,47.59,100,47.57,400,47.54,4500,47.65,100,47.66,800,47.67,100,47.69,100,47.7,2700,HOLD
1780279162076,09:59:18,47.71,47.96,48.35,46.28,48.03,2826500.0,133240000.0,47.71,300,47.7,14000,47.65,200,47.64,1700,47.63,200,47.73,800,47.74,500,47.8,1300,47.81,700,47.82,2000,HOLD
1780279165087,09:59:21,47.74,47.96,48.35,46.28,48.03,2829500.0,133380000.0,47.73,1300,47.72,1000,47.7,12300,47.65,200,47.63,200,47.74,300,47.8,1300,47.81,700,47.82,2000,47.84,100,HOLD
1780279168092,09:59:24,47.73,47.96,48.35,46.28,48.03,2830000.0,133410000.0,47.73,800,47.72,1000,47.7,12300,47.65,200,47.63,200,47.74,300,47.8,1300,47.81,700,47.82,2000,47.84,100,HOLD
1780279171101,09:59:27,47.74,47.96,48.35,46.28,48.03,2830300.0,133420000.0,47.73,800,47.72,1000,47.71,5000,47.7,12300,47.66,500,47.8,1300,47.81,700,47.82,2000,47.84,100,47.85,1000,HOLD
1780279174118,09:59:30,47.74,47.96,48.35,46.28,48.03,2830600.0,133440000.0,47.74,900,47.73,900,47.72,1000,47.71,5000,47.7,12300,47.8,1300,47.81,700,47.82,2000,47.84,100,47.85,1000,HOLD
1780279177125,09:59:36,47.78,47.96,48.35,46.28,48.03,2836600.0,133720000.0,47.75,200,47.74,900,47.73,900,47.72,800,47.66,2000,47.78,700,47.81,700,47.82,2000,47.84,100,47.85,1700,HOLD
1780279183145,09:59:39,47.76,47.96,48.35,46.28,48.03,2837200.0,133750000.0,47.75,200,47.74,900,47.73,900,47.72,800,47.66,2000,47.78,500,47.81,700,47.82,2000,47.84,100,47.85,1700,HOLD
1780279186146,09:59:42,47.66,47.96,48.35,46.28,48.03,2840300.0,133900000.0,47.66,1700,47.65,200,47.62,100,47.6,100,47.54,4600,47.72,800,47.75,2700,47.76,200,47.77,1100,47.78,600,HOLD
1780279189160,09:59:48,47.72,47.96,48.35,46.28,48.03,2853500.0,134530000.0,47.72,200,47.66,1700,47.65,200,47.62,100,47.6,100,47.76,100,47.77,1000,47.78,100,47.79,900,47.8,18700,HOLD
1780279195186,09:59:51,47.72,47.96,48.35,46.28,48.03,2853600.0,134530000.0,47.72,100,47.66,3300,47.65,200,47.62,100,47.6,100,47.73,100,47.76,1700,47.77,1000,47.78,100,47.79,900,HOLD
1780279198188,09:59:54,47.76,47.96,48.35,46.28,48.03,2854000.0,134550000.0,47.72,1200,47.66,4700,47.65,200,47.62,100,47.6,100,47.73,100,47.76,1600,47.77,1000,47.78,100,47.8,10500,HOLD
1780279201204,09:59:57,47.73,47.96,48.35,46.28,48.03,2854100.0,134560000.0,47.73,1800,47.72,2200,47.66,4700,47.65,200,47.62,100,47.76,1600,47.77,1000,47.78,100,47.8,10500,47.81,4500,HOLD
1780279204234,10:00:00,47.76,47.96,48.35,46.28,48.03,2856500.0,134670000.0,47.74,100,47.72,2100,47.66,4800,47.65,200,47.62,100,47.76,1300,47.77,1000,47.78,100,47.8,10500,47.81,4500,HOLD
1780279207225,10:00:03,47.74,47.96,48.35,46.28,48.03,2860900.0,134880000.0,47.66,4800,47.65,200,47.62,100,47.6,100,47.54,4600,47.74,300,47.76,1300,47.77,1000,47.78,100,47.8,10500,HOLD
1780279210230,10:00:09,47.74,47.96,48.35,46.28,48.03,2862200.0,134950000.0,47.7,500,47.69,100,47.66,4900,47.65,200,47.62,100,47.74,300,47.75,300,47.76,1000,47.77,1000,47.78,100,HOLD
1780279216250,10:00:12,47.76,47.96,48.35,46.28,48.03,2864900.0,135070000.0,47.76,2600,47.74,300,47.7,500,47.69,100,47.68,200,47.77,1100,47.78,100,47.8,12000,47.81,4500,47.82,2100,HOLD
1780279219257,10:00:15,47.77,47.96,48.35,46.28,48.03,2865400.0,135100000.0,47.76,2700,47.75,100,47.74,400,47.7,5900,47.69,100,47.77,700,47.78,100,47.8,2000,47.81,700,47.82,2100,HOLD
1780279222273,10:00:18,47.76,47.96,48.35,46.28,48.03,2869300.0,135280000.0,47.74,300,47.7,5900,47.69,100,47.68,200,47.66,4900,47.76,300,47.77,1300,47.78,100,47.8,2000,47.81,700,HOLD
1780279225287,10:00:21,47.78,47.96,48.35,46.28,48.03,2873100.0,135470000.0,47.77,500,47.76,400,47.75,500,47.74,2000,47.7,6500,47.8,2000,47.81,700,47.82,2100,47.84,100,47.85,1700,HOLD
1780279228296,10:00:24,47.8,47.96,48.35,46.28,48.03,2875500.0,135580000.0,47.79,200,47.78,1400,47.77,1600,47.76,400,47.75,500,47.8,400,47.81,700,47.82,2100,47.84,100,47.85,1700,HOLD
1780279231302,10:00:27,47.81,47.96,48.35,46.28,48.03,2876800.0,135640000.0,47.79,1300,47.78,2000,47.77,1700,47.76,400,47.75,500,47.82,2100,47.84,100,47.85,1700,47.88,2400,47.9,1900,HOLD
1780279234313,10:00:30,47.82,47.96,48.35,46.28,48.03,2878000.0,135700000.0,47.81,1300,47.8,5800,47.79,200,47.78,1400,47.77,1700,47.82,1000,47.84,100,47.85,1700,47.88,2400,47.9,1900,HOLD
1780279237314,10:00:33,47.82,47.96,48.35,46.28,48.03,2878900.0,135740000.0,47.81,800,47.8,7300,47.79,200,47.78,1400,47.77,1700,47.82,600,47.84,100,47.85,1700,47.88,2400,47.9,600,HOLD
1780279240320,10:00:36,47.82,47.96,48.35,46.28,48.03,2880500.0,135820000.0,47.8,7300,47.79,200,47.78,1400,47.77,1700,47.75,500,47.82,300,47.84,100,47.85,1700,47.88,2400,47.9,600,HOLD
1780279243327,10:00:39,47.84,47.96,48.35,46.28,48.03,2881100.0,135850000.0,47.82,3200,47.81,1000,47.8,7300,47.79,200,47.78,1400,47.85,1700,47.88,2400,47.9,600,47.93,300,47.99,2100,HOLD
1780279246333,10:00:42,47.88,47.96,48.35,46.28,48.03,2887400.0,136150000.0,47.88,3100,47.87,600,47.82,2200,47.81,200,47.8,6200,47.9,500,47.93,300,47.99,2100,48.0,7500,48.02,100,HOLD
1780279249340,10:00:45,47.9,47.96,48.35,46.28,48.03,2887500.0,136150000.0,47.89,1200,47.88,3100,47.87,600,47.84,200,47.82,2300,47.9,400,47.93,300,47.99,2100,48.0,7500,48.02,100,HOLD
